<?xml version="1.0" encoding="UTF-8"?>
<!DOCTYPE html PUBLIC "-//W3C//DTD XHTML 1.0 Transitional//EN"
    "http://www.w3.org/TR/xhtml1/DTD/xhtml1-transitional.dtd">
<html xmlns="http://www.w3.org/1999/xhtml" xml:lang="en" lang="en">
 <head>
  <title>
</title>
<meta http-equiv="Content-Type" content="text/html;charset=utf-8" />
  <meta name='ocr-system' content='tesseract 3.04.00' />
  <meta name='ocr-capabilities' content='ocr_page ocr_carea ocr_par ocr_line ocrx_word'/>
</head>
<body>
  <div class='ocr_page' id='page_1' title='image "./thesavrvsivrise04schmgoog_0549.png"; bbox 0 0 4950 5567; ppageno 0'>
   <div class='ocr_carea' id='block_1_1' title="bbox 477 559 1880 727">
    <p class='ocr_par' dir='ltr' id='par_1_1' title="bbox 477 559 1880 727">
     <span class='ocr_line' id='line_1_1' title="bbox 477 559 1880 727; baseline 0.002 -46"><span class='ocrx_word' id='word_1_1' title='bbox 477 559 1130 681; x_wconf 78' lang='lat' dir='ltr'><strong>onononnsnos..suno.1n</strong></span> <span class='ocrx_word' id='word_1_2' title='bbox 1148 598 1762 690; x_wconf 72' lang='lat' dir='ltr'><strong>nsu10.nu0n1.ustt1t.uc;</strong></span> <span class='ocrx_word' id='word_1_3' title='bbox 1809 643 1880 727; x_wconf 68' lang='lat'><strong>533</strong></span> 
     </span>
    </p>
   </div>
   <div class='ocr_carea' id='block_1_2' title="bbox 476 763 2107 1075">
    <p class='ocr_par' dir='ltr' id='par_1_2' title="bbox 476 763 2107 1075">
     <span class='ocr_line' id='line_1_2' title="bbox 476 763 2107 878; baseline 0.01 -23"><span class='ocrx_word' id='word_1_4' title='bbox 476 805 557 865; x_wconf 70' lang='lat' dir='ltr'><strong>ttur,</strong></span> <span class='ocrx_word' id='word_1_5' title='bbox 583 779 624 852; x_wconf 88' lang='lat' dir='ltr'><strong>sd</strong></span> <span class='ocrx_word' id='word_1_6' title='bbox 638 779 673 850; x_wconf 91' lang='lat' dir='ltr'><strong>id</strong></span> <span class='ocrx_word' id='word_1_7' title='bbox 687 779 791 859; x_wconf 83' lang='lat' dir='ltr'><strong>redit,</strong></span> <span class='ocrx_word' id='word_1_8' title='bbox 818 778 932 871; x_wconf 87' lang='lat' dir='ltr'><strong>quodsi</strong></span> <span class='ocrx_word' id='word_1_9' title='bbox 951 803 1060 875; x_wconf 82' lang='lat' dir='ltr'><strong>neque</strong></span> <span class='ocrx_word' id='word_1_10' title='bbox 1073 779 1241 850; x_wconf 83' lang='lat' dir='ltr'><strong>Dominus</strong></span> <span class='ocrx_word' id='word_1_11' title='bbox 1254 781 1456 868; x_wconf 83' lang='lat' dir='ltr'><strong>Territorii,</strong></span> <span class='ocrx_word' id='word_1_12' title='bbox 1477 804 1588 878; x_wconf 79' lang='lat' dir='ltr'><strong>neque</strong></span> <span class='ocrx_word' id='word_1_13' title='bbox 1605 782 1724 866; x_wconf 78' lang='lat' dir='ltr'><strong>subditi</strong></span> <span class='ocrx_word' id='word_1_14' title='bbox 1742 793 1877 874; x_wconf 76' lang='lat' dir='ltr'><strong>diverse</strong></span> <span class='ocrx_word' id='word_1_15' title='bbox 1981 763 2010 827; x_wconf 74' lang='grc' dir='ltr'><strong> </strong></span> <span class='ocrx_word' id='word_1_16' title='bbox 2068 769 2071 774; x_wconf 94' lang='lat'><em>.</em></span> <span class='ocrx_word' id='word_1_17' title='bbox 2102 826 2107 835; x_wconf 92' lang='lat'>·</span> 
     </span>
     <span class='ocr_line' id='line_1_3' title="bbox 481 870 1878 984; baseline 0.012 -33"><span class='ocrx_word' id='word_1_18' title='bbox 481 881 589 973; x_wconf 86' lang='lat' dir='ltr'><strong>gionis</strong></span> <span class='ocrx_word' id='word_1_19' title='bbox 615 874 704 974; x_wconf 85' lang='lat' dir='ltr'><strong>quast</strong></span> <span class='ocrx_word' id='word_1_20' title='bbox 728 870 954 947; x_wconf 80' lang='lat' dir='ltr'><strong>Possessionem</strong></span> <span class='ocrx_word' id='word_1_21' title='bbox 972 878 1062 946; x_wconf 90' lang='lat' dir='ltr'><strong>Anni</strong></span> <span class='ocrx_word' id='word_1_22' title='bbox 1087 876 1267 947; x_wconf 82' lang='lat' dir='ltr'><strong>decretorii</strong></span> <span class='ocrx_word' id='word_1_23' title='bbox 1292 876 1458 963; x_wconf 76' lang='lat' dir='ltr'><strong>indicare,</strong></span> <span class='ocrx_word' id='word_1_24' title='bbox 1483 879 1518 965; x_wconf 73' lang='lat' dir='ltr'><strong>dt</strong></span> <span class='ocrx_word' id='word_1_25' title='bbox 1539 880 1685 978; x_wconf 81' lang='lat' dir='ltr'><strong>probate</strong></span> <span class='ocrx_word' id='word_1_26' title='bbox 1707 911 1878 984; x_wconf 80' lang='lat' dir='ltr'><strong>poterunt,</strong></span> 
     </span>
     <span class='ocr_line' id='line_1_4' title="bbox 485 968 1461 1075; baseline -0.002 -25"><span class='ocrx_word' id='word_1_27' title='bbox 485 1002 551 1075; x_wconf 85' lang='lat' dir='ltr'><strong>qua</strong></span> <span class='ocrx_word' id='word_1_28' title='bbox 565 996 661 1074; x_wconf 84' lang='lat' dir='ltr'><strong>purte</strong></span> <span class='ocrx_word' id='word_1_29' title='bbox 677 995 717 1044; x_wconf 82' lang='lat' dir='ltr'><strong>ex</strong></span> <span class='ocrx_word' id='word_1_30' title='bbox 731 971 784 1042; x_wconf 91' lang='lat' dir='ltr'><strong>his</strong></span> <span class='ocrx_word' id='word_1_31' title='bbox 799 970 929 1044; x_wconf 88' lang='lat' dir='ltr'><strong>duobus</strong></span> <span class='ocrx_word' id='word_1_32' title='bbox 945 968 1070 1044; x_wconf 77' lang='lat' dir='ltr'><strong>fornor</strong></span> <span class='ocrx_word' id='word_1_33' title='bbox 1094 971 1216 1043; x_wconf 78' lang='lat' dir='ltr'><strong>militet</strong></span> <span class='ocrx_word' id='word_1_34' title='bbox 1230 968 1461 1069; x_wconf 67' lang='lat' dir='ltr'><strong>presumptio.</strong></span> 
     </span>
    </p>
   </div>
   <div class='ocr_carea' id='block_1_3' title="bbox 477 1134 1887 2840">
    <p class='ocr_par' dir='ltr' id='par_1_3' title="bbox 477 1134 1887 2840">
     <span class='ocr_line' id='line_1_5' title="bbox 477 1134 1876 1227; baseline -0.002 -18"><span class='ocrx_word' id='word_1_35' title='bbox 477 1141 588 1209; x_wconf 75' lang='lat' dir='ltr'><strong>aestio</strong></span> <span class='ocrx_word' id='word_1_36' title='bbox 602 1140 691 1212; x_wconf 82' lang='lat' dir='ltr'><strong>baec,</strong></span> <span class='ocrx_word' id='word_1_37' title='bbox 709 1155 781 1220; x_wconf 86' lang='lat' dir='ltr'><strong>qnae</strong></span> <span class='ocrx_word' id='word_1_38' title='bbox 795 1135 915 1200; x_wconf 87' lang='lat' dir='ltr'><strong>multos</strong></span> <span class='ocrx_word' id='word_1_39' title='bbox 928 1134 1070 1199; x_wconf 83' lang='lat' dir='ltr'><strong>eruditos</strong></span> <span class='ocrx_word' id='word_1_40' title='bbox 1080 1134 1233 1201; x_wconf 76' lang='lat' dir='ltr'><strong>hattenns</strong></span> <span class='ocrx_word' id='word_1_41' title='bbox 1242 1135 1280 1201; x_wconf 83' lang='lat' dir='ltr'><strong>&#39;in</strong></span> <span class='ocrx_word' id='word_1_42' title='bbox 1294 1138 1506 1206; x_wconf 81' lang='lat' dir='ltr'><strong>transversum</strong></span> <span class='ocrx_word' id='word_1_43' title='bbox 1521 1143 1606 1224; x_wconf 83' lang='lat' dir='ltr'><strong>egit,</strong></span> <span class='ocrx_word' id='word_1_44' title='bbox 1626 1144 1806 1227; x_wconf 78' lang='lat' dir='ltr'><strong>primarium</strong></span> <span class='ocrx_word' id='word_1_45' title='bbox 1817 1156 1876 1218; x_wconf 85' lang='lat' dir='ltr'><strong>ob.</strong></span> 
     </span>
     <span class='ocr_line' id='line_1_6' title="bbox 520 1215 1878 1301; baseline 0.01 -17"><span class='ocrx_word' id='word_1_46' title='bbox 520 1226 528 1240; x_wconf 91' lang='lat'>&#39;</span> <span class='ocrx_word' id='word_1_47' title='bbox 552 1225 638 1287; x_wconf 77' lang='lat' dir='ltr'><strong>tium</strong></span> <span class='ocrx_word' id='word_1_48' title='bbox 662 1220 909 1284; x_wconf 69' lang='lat' dir='ltr'><strong>elucubrationis</strong></span> <span class='ocrx_word' id='word_1_49' title='bbox 934 1216 1048 1279; x_wconf 76' lang='lat' dir='ltr'><strong>nostre</strong></span> <span class='ocrx_word' id='word_1_50' title='bbox 1068 1215 1195 1291; x_wconf 88' lang='lat' dir='ltr'><strong>efficit,</strong></span> <span class='ocrx_word' id='word_1_51' title='bbox 1224 1217 1300 1282; x_wconf 88' lang='lat' dir='ltr'><strong>Non</strong></span> <span class='ocrx_word' id='word_1_52' title='bbox 1317 1222 1526 1301; x_wconf 77' lang='lat' dir='ltr'><strong>ignoramus,</strong></span> <span class='ocrx_word' id='word_1_53' title='bbox 1554 1223 1743 1295; x_wconf 80' lang='lat' dir='ltr'><strong>JCoosultos</strong></span> <span class='ocrx_word' id='word_1_54' title='bbox 1763 1231 1878 1297; x_wconf 81' lang='lat' dir='ltr'><strong>Prote·</strong></span> 
     </span>
     <span class='ocr_line' id='line_1_7' title="bbox 515 1244 1882 1395; baseline 0.001 -30"><span class='ocrx_word' id='word_1_55' title='bbox 515 1244 681 1375; x_wconf 59' lang='lat' dir='ltr'><strong>isontium,</strong></span> <span class='ocrx_word' id='word_1_56' title='bbox 704 1301 876 1364; x_wconf 87' lang='lat' dir='ltr'><strong>Dominum</strong></span> <span class='ocrx_word' id='word_1_57' title='bbox 892 1293 1061 1360; x_wconf 87' lang='lat' dir='ltr'><strong>Territorii</strong></span> <span class='ocrx_word' id='word_1_58' title='bbox 1080 1307 1144 1360; x_wconf 87' lang='lat' dir='ltr'><strong>tam</strong></span> <span class='ocrx_word' id='word_1_59' title='bbox 1162 1297 1269 1372; x_wconf 74' lang='lat' dir='ltr'><strong>mitte</strong></span> <span class='ocrx_word' id='word_1_60' title='bbox 1289 1299 1387 1364; x_wconf 87' lang='lat' dir='ltr'><strong>Anno</strong></span> <span class='ocrx_word' id='word_1_61' title='bbox 1408 1303 1544 1366; x_wconf 87' lang='lat' dir='ltr'><strong>normali</strong></span> <span class='ocrx_word' id='word_1_62' title='bbox 1562 1305 1709 1387; x_wconf 73' lang='lat' dir='ltr'><strong>illigare,</strong></span> <span class='ocrx_word' id='word_1_63' title='bbox 1736 1323 1772 1376; x_wconf 87' lang='lat' dir='ltr'><strong>ut</strong></span> <span class='ocrx_word' id='word_1_64' title='bbox 1790 1318 1882 1395; x_wconf 73' lang='lat' dir='ltr'><strong>quic.</strong></span> 
     </span>
     <span class='ocr_line' id='line_1_8' title="bbox 540 1379 1882 1475; baseline 0.007 -27"><span class='ocrx_word' id='word_1_65' title='bbox 540 1387 592 1448; x_wconf 93' lang='lat' dir='ltr'><strong>uid</strong></span> <span class='ocrx_word' id='word_1_66' title='bbox 603 1382 686 1455; x_wconf 88' lang='lat' dir='ltr'><strong>Juris</strong></span> <span class='ocrx_word' id='word_1_67' title='bbox 699 1382 731 1445; x_wconf 91' lang='lat' dir='ltr'><strong>in</strong></span> <span class='ocrx_word' id='word_1_68' title='bbox 749 1382 807 1445; x_wconf 91' lang='lat' dir='ltr'><strong>illo</strong></span> <span class='ocrx_word' id='word_1_69' title='bbox 824 1380 929 1441; x_wconf 87' lang='lat' dir='ltr'><strong>minus</strong></span> <span class='ocrx_word' id='word_1_70' title='bbox 946 1379 1142 1451; x_wconf 85' lang='lat' dir='ltr'><strong>exercuerit,</strong></span> <span class='ocrx_word' id='word_1_71' title='bbox 1166 1381 1271 1442; x_wconf 78' lang='lat' dir='ltr'><strong>millo</strong></span> <span class='ocrx_word' id='word_1_72' title='bbox 1288 1382 1486 1456; x_wconf 84' lang='lat' dir='ltr'><strong>exercendo,</strong></span> <span class='ocrx_word' id='word_1_73' title='bbox 1507 1402 1610 1466; x_wconf 86' lang='lat' dir='ltr'><strong>neque</strong></span> <span class='ocrx_word' id='word_1_74' title='bbox 1623 1389 1722 1454; x_wconf 89' lang='lat' dir='ltr'><strong>hodie</strong></span> <span class='ocrx_word' id='word_1_75' title='bbox 1741 1394 1882 1475; x_wconf 71' lang='lat' dir='ltr'><strong>ipisun·</strong></span> 
     </span>
     <span class='ocr_line' id='line_1_9' title="bbox 517 1406 1881 1553; baseline 0.007 -23"><span class='ocrx_word' id='word_1_76' title='bbox 517 1406 622 1530; x_wconf 72' lang='lat' dir='ltr'><strong>iatam</strong></span> <span class='ocrx_word' id='word_1_77' title='bbox 650 1462 860 1527; x_wconf 84' lang='lat' dir='ltr'><strong>intentionem</strong></span> <span class='ocrx_word' id='word_1_78' title='bbox 901 1470 1100 1552; x_wconf 86' lang='lat' dir='ltr'><strong>competere,</strong></span> <span class='ocrx_word' id='word_1_79' title='bbox 1136 1459 1400 1540; x_wconf 88' lang='lat' dir='ltr'><strong>Quandoquidem</strong></span> <span class='ocrx_word' id='word_1_80' title='bbox 1422 1465 1504 1528; x_wconf 81' lang='lat' dir='ltr'><strong>itero</strong></span> <span class='ocrx_word' id='word_1_81' title='bbox 1523 1465 1583 1530; x_wconf 86' lang='lat' dir='ltr'><strong>illa·</strong></span> <span class='ocrx_word' id='word_1_82' title='bbox 1602 1461 1621 1531; x_wconf 79' lang='lat' dir='ltr'><strong>³i</strong></span> <span class='ocrx_word' id='word_1_83' title='bbox 1644 1465 1674 1532; x_wconf 89' lang='lat' dir='ltr'><strong>sa</strong></span> <span class='ocrx_word' id='word_1_84' title='bbox 1702 1474 1881 1553; x_wconf 73' lang='lat' dir='ltr'><strong>pacificatio</strong></span> 
     </span>
     <span class='ocr_line' id='line_1_10' title="bbox 518 1485 1882 1634; baseline 0.01 -28"><span class='ocrx_word' id='word_1_85' title='bbox 518 1544 730 1629; x_wconf 79' lang='lat' dir='ltr'><strong>westphalica</strong></span> <span class='ocrx_word' id='word_1_86' title='bbox 747 1543 779 1606; x_wconf 93' lang='lat' dir='ltr'><strong>in</strong></span> <span class='ocrx_word' id='word_1_87' title='bbox 789 1539 804 1614; x_wconf 89' lang='lat' dir='ltr'>J</span> <span class='ocrx_word' id='word_1_88' title='bbox 808 1558 862 1602; x_wconf 90' lang='lat' dir='ltr'><strong>ure</strong></span> <span class='ocrx_word' id='word_1_89' title='bbox 872 1538 1041 1603; x_wconf 84' lang='lat' dir='ltr'><strong>Territorli</strong></span> <span class='ocrx_word' id='word_1_90' title='bbox 1054 1538 1127 1611; x_wconf 86' lang='lat' dir='ltr'><strong>Jora</strong></span> <span class='ocrx_word' id='word_1_91' title='bbox 1140 1539 1354 1608; x_wconf 67' lang='lat' dir='ltr'><strong>Ecclesiastico</strong></span> <span class='ocrx_word' id='word_1_92' title='bbox 1367 1547 1567 1610; x_wconf 78' lang='lat' dir='ltr'><strong>territorialia</strong></span> <span class='ocrx_word' id='word_1_93' title='bbox 1578 1485 1700 1629; x_wconf 77' lang='lat' dir='ltr'><strong>poiutt,</strong></span> <span class='ocrx_word' id='word_1_94' title='bbox 1743 1556 1882 1634; x_wconf 75' lang='lat' dir='ltr'><strong>sciscen-</strong></span> 
     </span>
     <span class='ocr_line' id='line_1_11' title="bbox 520 1618 1882 1722; baseline 0.004 -29"><span class='ocrx_word' id='word_1_95' title='bbox 520 1630 602 1693; x_wconf 88' lang='lat' dir='ltr'><strong>tinm</strong></span> <span class='ocrx_word' id='word_1_96' title='bbox 616 1645 704 1689; x_wconf 86' lang='lat' dir='ltr'><strong>mens</strong></span> <span class='ocrx_word' id='word_1_97' title='bbox 719 1624 829 1686; x_wconf 84' lang='lat' dir='ltr'><strong>eadem</strong></span> <span class='ocrx_word' id='word_1_98' title='bbox 847 1633 937 1693; x_wconf 80' lang='lat' dir='ltr'><strong>eret,</strong></span> <span class='ocrx_word' id='word_1_99' title='bbox 959 1635 1031 1702; x_wconf 73' lang='lat' dir='ltr'><strong>que</strong></span> <span class='ocrx_word' id='word_1_100' title='bbox 1047 1621 1079 1683; x_wconf 90' lang='lat' dir='ltr'><strong>ln</strong></span> <span class='ocrx_word' id='word_1_101' title='bbox 1095 1618 1259 1722; x_wconf 74' lang='lat' dir='ltr'><strong>Principiis</strong></span> <span class='ocrx_word' id='word_1_102' title='bbox 1278 1623 1479 1709; x_wconf 85' lang='lat' dir='ltr'><strong>Jorispnbiici</strong></span> <span class='ocrx_word' id='word_1_103' title='bbox 1495 1625 1698 1701; x_wconf 83' lang='lat' dir='ltr'><strong>universalis,</strong></span> <span class='ocrx_word' id='word_1_104' title='bbox 1771 1651 1882 1703; x_wconf 79' lang='lat' dir='ltr'><strong>natura</strong></span> 
     </span>
     <span class='ocr_line' id='line_1_12' title="bbox 497 1703 1882 1797; baseline 0.006 -23"><span class='ocrx_word' id='word_1_105' title='bbox 497 1729 499 1731; x_wconf 87' lang='lat'>·</span> <span class='ocrx_word' id='word_1_106' title='bbox 522 1709 672 1774; x_wconf 82' lang='lat' dir='ltr'><strong>Civitatis</strong></span> <span class='ocrx_word' id='word_1_107' title='bbox 695 1704 895 1776; x_wconf 83' lang='lat' dir='ltr'><strong>referuntur,</strong></span> <span class='ocrx_word' id='word_1_108' title='bbox 919 1703 1037 1784; x_wconf 89' lang='lat' dir='ltr'><strong>qnippe</strong></span> <span class='ocrx_word' id='word_1_109' title='bbox 1063 1719 1133 1782; x_wconf 81' lang='lat' dir='ltr'><strong>que</strong></span> <span class='ocrx_word' id='word_1_110' title='bbox 1156 1723 1256 1767; x_wconf 75' lang='lat' dir='ltr'><strong>anima</strong></span> <span class='ocrx_word' id='word_1_111' title='bbox 1274 1705 1357 1777; x_wconf 82' lang='lat' dir='ltr'><strong>Juris</strong></span> <span class='ocrx_word' id='word_1_112' title='bbox 1383 1704 1597 1771; x_wconf 81' lang='lat' dir='ltr'><strong>Territoriulis</strong></span> <span class='ocrx_word' id='word_1_113' title='bbox 1618 1716 1731 1782; x_wconf 79' lang='lat' dir='ltr'><strong>merito</strong></span> <span class='ocrx_word' id='word_1_114' title='bbox 1749 1719 1882 1797; x_wconf 85' lang='lat' dir='ltr'><strong>dicitur,</strong></span> 
     </span>
     <span class='ocr_line' id='line_1_13' title="bbox 521 1781 1882 1875; baseline 0.006 -20"><span class='ocrx_word' id='word_1_115' title='bbox 521 1791 598 1855; x_wconf 85' lang='lat' dir='ltr'><strong>hinc</strong></span> <span class='ocrx_word' id='word_1_116' title='bbox 616 1800 707 1850; x_wconf 86' lang='lat' dir='ltr'><strong>antea</strong></span> <span class='ocrx_word' id='word_1_117' title='bbox 727 1807 745 1847; x_wconf 85' lang='lat' dir='ltr'><strong>a</strong></span> <span class='ocrx_word' id='word_1_118' title='bbox 763 1786 855 1846; x_wconf 84' lang='lat' dir='ltr'><strong>nobis</strong></span> <span class='ocrx_word' id='word_1_119' title='bbox 870 1799 929 1863; x_wconf 92' lang='lat' dir='ltr'><strong>pto</strong></span> <span class='ocrx_word' id='word_1_120' title='bbox 949 1781 1039 1844; x_wconf 86' lang='lat' dir='ltr'><strong>iitma</strong></span> <span class='ocrx_word' id='word_1_121' title='bbox 1055 1784 1164 1864; x_wconf 83' lang='lat' dir='ltr'><strong>regola</strong></span> <span class='ocrx_word' id='word_1_122' title='bbox 1188 1788 1220 1849; x_wconf 90' lang='lat' dir='ltr'><strong>in</strong></span> <span class='ocrx_word' id='word_1_123' title='bbox 1244 1785 1304 1849; x_wconf 83' lang='lat' dir='ltr'><strong>hac</strong></span> <span class='ocrx_word' id='word_1_124' title='bbox 1327 1788 1383 1849; x_wconf 90' lang='lat' dir='ltr'><strong>lite</strong></span> <span class='ocrx_word' id='word_1_125' title='bbox 1395 1787 1596 1869; x_wconf 85' lang='lat' dir='ltr'><strong>Jurispubiici</strong></span> <span class='ocrx_word' id='word_1_126' title='bbox 1624 1793 1757 1874; x_wconf 82' lang='lat' dir='ltr'><strong>allegato</strong></span> <span class='ocrx_word' id='word_1_127' title='bbox 1772 1796 1882 1875; x_wconf 86' lang='lat' dir='ltr'><strong>suere,</strong></span> 
     </span>
     <span class='ocr_line' id='line_1_14' title="bbox 524 1864 1885 1955; baseline 0.007 -20"><span class='ocrx_word' id='word_1_128' title='bbox 524 1874 651 1955; x_wconf 86' lang='lat' dir='ltr'><strong>quoties</strong></span> <span class='ocrx_word' id='word_1_129' title='bbox 664 1869 762 1950; x_wconf 81' lang='lat' dir='ltr'><strong>igitur</strong></span> <span class='ocrx_word' id='word_1_130' title='bbox 775 1866 887 1945; x_wconf 81' lang='lat' dir='ltr'><strong>aliquis</strong></span> <span class='ocrx_word' id='word_1_131' title='bbox 899 1901 912 1933; x_wconf 91' lang='lat'><strong>,-</strong></span> <span class='ocrx_word' id='word_1_132' title='bbox 928 1866 982 1944; x_wconf 91' lang='lat' dir='ltr'><strong>qui</strong></span> <span class='ocrx_word' id='word_1_133' title='bbox 1000 1874 1179 1927; x_wconf 82' lang='lat' dir='ltr'><strong>neutrarum</strong></span> <span class='ocrx_word' id='word_1_134' title='bbox 1207 1864 1344 1929; x_wconf 80' lang='lat' dir='ltr'><strong>Pettium</strong></span> <span class='ocrx_word' id='word_1_135' title='bbox 1369 1867 1433 1941; x_wconf 80' lang='lat' dir='ltr'><strong>eii,</strong></span> <span class='ocrx_word' id='word_1_136' title='bbox 1456 1871 1601 1933; x_wconf 86' lang='lat' dir='ltr'><strong>valorem</strong></span> <span class='ocrx_word' id='word_1_137' title='bbox 1617 1876 1784 1940; x_wconf 84' lang='lat' dir='ltr'><strong>verborum</strong></span> <span class='ocrx_word' id='word_1_138' title='bbox 1808 1881 1885 1944; x_wconf 88' lang='lat' dir='ltr'><strong>isto·</strong></span> 
     </span>
     <span class='ocr_line' id='line_1_15' title="bbox 520 1942 1886 2033; baseline -0.002 -16"><span class='ocrx_word' id='word_1_139' title='bbox 520 1975 593 2017; x_wconf 84' lang='lat' dir='ltr'><strong>rum</strong></span> <span class='ocrx_word' id='word_1_140' title='bbox 611 1956 673 2014; x_wconf 91' lang='lat' dir='ltr'><strong>rite</strong></span> <span class='ocrx_word' id='word_1_141' title='bbox 693 1948 866 2030; x_wconf 84' lang='lat' dir='ltr'><strong>expendit,</strong></span> <span class='ocrx_word' id='word_1_142' title='bbox 889 1942 1208 2030; x_wconf 74' lang='lat' dir='ltr'><strong>quotenusexermrffe</strong></span> <span class='ocrx_word' id='word_1_143' title='bbox 1228 1949 1359 2030; x_wconf 78' lang='lat' dir='ltr'><strong>probare</strong></span> <span class='ocrx_word' id='word_1_144' title='bbox 1400 1959 1544 2021; x_wconf 80' lang='lat' dir='ltr'><strong>oterunt,</strong></span> <span class='ocrx_word' id='word_1_145' title='bbox 1566 1958 1725 2033; x_wconf 79' lang='lat' dir='ltr'><strong>nunquam</strong></span> <span class='ocrx_word' id='word_1_146' title='bbox 1738 1957 1886 2029; x_wconf 61' lang='lat' dir='ltr'><strong>affatum</strong></span> 
     </span>
     <span class='ocr_line' id='line_1_16' title="bbox 521 2021 1885 2111; baseline 0.007 -12"><span class='ocrx_word' id='word_1_147' title='bbox 521 2034 620 2107; x_wconf 87' lang='lat' dir='ltr'><strong>illud,</strong></span> <span class='ocrx_word' id='word_1_148' title='bbox 641 2041 677 2093; x_wconf 92' lang='lat' dir='ltr'><strong>ut</strong></span> <span class='ocrx_word' id='word_1_149' title='bbox 690 2033 873 2111; x_wconf 74' lang='lat' dir='ltr'><strong>opinamur,</strong></span> <span class='ocrx_word' id='word_1_150' title='bbox 894 2044 952 2108; x_wconf 93' lang='lat' dir='ltr'><strong>pro</strong></span> <span class='ocrx_word' id='word_1_151' title='bbox 964 2026 1106 2089; x_wconf 89' lang='lat' dir='ltr'><strong>Domino</strong></span> <span class='ocrx_word' id='word_1_152' title='bbox 1119 2021 1288 2094; x_wconf 85' lang='lat' dir='ltr'><strong>Territorii</strong></span> <span class='ocrx_word' id='word_1_153' title='bbox 1300 2047 1365 2110; x_wconf 89' lang='lat' dir='ltr'><strong>ptae</strong></span> <span class='ocrx_word' id='word_1_154' title='bbox 1381 2032 1575 2111; x_wconf 88' lang='lat' dir='ltr'><strong>umptionem</strong></span> <span class='ocrx_word' id='word_1_155' title='bbox 1587 2030 1752 2100; x_wconf 82' lang='lat' dir='ltr'><strong>sortiiirme</strong></span> <span class='ocrx_word' id='word_1_156' title='bbox 1764 2045 1885 2107; x_wconf 81' lang='lat' dir='ltr'><strong>milita·</strong></span> 
     </span>
     <span class='ocr_line' id='line_1_17' title="bbox 477 2108 1885 2206; baseline 0.007 -29"><span class='ocrx_word' id='word_1_157' title='bbox 477 2140 478 2143; x_wconf 41' lang='lat'>¹</span> <span class='ocrx_word' id='word_1_158' title='bbox 522 2136 579 2191; x_wconf 85' lang='lat' dir='ltr'><strong>re,</strong></span> <span class='ocrx_word' id='word_1_159' title='bbox 604 2116 635 2178; x_wconf 93' lang='lat' dir='ltr'><strong>in</strong></span> <span class='ocrx_word' id='word_1_160' title='bbox 648 2113 776 2174; x_wconf 87' lang='lat' dir='ltr'><strong>dubium</strong></span> <span class='ocrx_word' id='word_1_161' title='bbox 790 2110 939 2178; x_wconf 84' lang='lat' dir='ltr'><strong>vocabit,</strong></span> <span class='ocrx_word' id='word_1_162' title='bbox 964 2109 1071 2187; x_wconf 89' lang='lat' dir='ltr'><strong>potius</strong></span> <span class='ocrx_word' id='word_1_163' title='bbox 1087 2108 1131 2170; x_wconf 80' lang='lat' dir='ltr'><strong>its</strong></span> <span class='ocrx_word' id='word_1_164' title='bbox 1143 2108 1245 2170; x_wconf 80' lang='lat' dir='ltr'><strong>sanam</strong></span> <span class='ocrx_word' id='word_1_165' title='bbox 1262 2127 1298 2170; x_wconf 83' lang='lat' dir='ltr'><strong>rc</strong></span> <span class='ocrx_word' id='word_1_166' title='bbox 1309 2112 1479 2191; x_wconf 82' lang='lat' dir='ltr'><strong>genuinam</strong></span> <span class='ocrx_word' id='word_1_167' title='bbox 1492 2121 1629 2175; x_wconf 80' lang='lat' dir='ltr'><strong>mentem</strong></span> <span class='ocrx_word' id='word_1_168' title='bbox 1647 2113 1734 2180; x_wconf 86' lang='lat' dir='ltr'><strong>Pacis</strong></span> <span class='ocrx_word' id='word_1_169' title='bbox 1752 2140 1819 2185; x_wconf 83' lang='lat' dir='ltr'><strong>eam</strong></span> <span class='ocrx_word' id='word_1_170' title='bbox 1834 2128 1885 2206; x_wconf 91' lang='lat' dir='ltr'><strong>ip-</strong></span> 
     </span>
     <span class='ocr_line' id='line_1_18' title="bbox 522 2188 1884 2276; baseline 0.002 -12"><span class='ocrx_word' id='word_1_171' title='bbox 522 2198 587 2264; x_wconf 84' lang='lat' dir='ltr'><strong>sam</strong></span> <span class='ocrx_word' id='word_1_172' title='bbox 600 2192 846 2276; x_wconf 72' lang='lat' dir='ltr'><strong>conjesturabit,</strong></span> <span class='ocrx_word' id='word_1_173' title='bbox 862 2189 897 2250; x_wconf 75' lang='lat' dir='ltr'><strong>dt</strong></span> <span class='ocrx_word' id='word_1_174' title='bbox 916 2188 1074 2251; x_wconf 85' lang='lat' dir='ltr'><strong>indubiam</strong></span> <span class='ocrx_word' id='word_1_175' title='bbox 1088 2190 1320 2268; x_wconf 88' lang='lat' dir='ltr'><strong>pronunciabit.</strong></span> <span class='ocrx_word' id='word_1_176' title='bbox 1376 2191 1513 2257; x_wconf 83' lang='lat' dir='ltr'><strong>Omnem</strong></span> <span class='ocrx_word' id='word_1_177' title='bbox 1531 2189 1698 2262; x_wconf 82' lang='lat' dir='ltr'><strong>Territorii</strong></span> <span class='ocrx_word' id='word_1_178' title='bbox 1710 2197 1884 2273; x_wconf 88' lang='lat' dir='ltr'><strong>Dominum</strong></span> 
     </span>
     <span class='ocr_line' id='line_1_19' title="bbox 523 2269 1885 2351; baseline 0 -9"><span class='ocrx_word' id='word_1_179' title='bbox 523 2280 574 2343; x_wconf 91' lang='lat' dir='ltr'><strong>uti</strong></span> <span class='ocrx_word' id='word_1_180' title='bbox 593 2278 703 2340; x_wconf 87' lang='lat' dir='ltr'><strong>debere</strong></span> <span class='ocrx_word' id='word_1_181' title='bbox 719 2273 793 2347; x_wconf 85' lang='lat' dir='ltr'><strong>Jure</strong></span> <span class='ocrx_word' id='word_1_182' title='bbox 809 2269 1052 2332; x_wconf 84' lang='lat' dir='ltr'><strong>reformandi&amp;</strong></span> <span class='ocrx_word' id='word_1_183' title='bbox 1071 2271 1204 2332; x_wconf 79' lang='lat' dir='ltr'><strong>annexis</strong></span> <span class='ocrx_word' id='word_1_184' title='bbox 1225 2278 1374 2342; x_wconf 82' lang='lat' dir='ltr'><strong>eatenus,</strong></span> <span class='ocrx_word' id='word_1_185' title='bbox 1397 2282 1552 2351; x_wconf 87' lang='lat' dir='ltr'><strong>quatenus</strong></span> <span class='ocrx_word' id='word_1_186' title='bbox 1575 2274 1686 2342; x_wconf 88' lang='lat' dir='ltr'><strong>subditi</strong></span> <span class='ocrx_word' id='word_1_187' title='bbox 1706 2298 1765 2344; x_wconf 85' lang='lat' dir='ltr'><strong>nec</strong></span> <span class='ocrx_word' id='word_1_188' title='bbox 1781 2284 1885 2351; x_wconf 72' lang='lat' dir='ltr'><strong>debite</strong></span> 
     </span>
     <span class='ocr_line' id='line_1_20' title="bbox 482 2349 1887 2442; baseline -0.001 -21"><span class='ocrx_word' id='word_1_189' title='bbox 482 2397 486 2405; x_wconf 91' lang='lat'>·</span> <span class='ocrx_word' id='word_1_190' title='bbox 525 2362 662 2429; x_wconf 90' lang='lat' dir='ltr'><strong>docent,</strong></span> <span class='ocrx_word' id='word_1_191' title='bbox 683 2355 713 2419; x_wconf 89' lang='lat' dir='ltr'><strong>se</strong></span> <span class='ocrx_word' id='word_1_192' title='bbox 728 2357 759 2417; x_wconf 91' lang='lat' dir='ltr'><strong>in</strong></span> <span class='ocrx_word' id='word_1_193' title='bbox 773 2354 868 2414; x_wconf 90' lang='lat' dir='ltr'><strong>Anno</strong></span> <span class='ocrx_word' id='word_1_194' title='bbox 881 2351 1068 2414; x_wconf 88' lang='lat' dir='ltr'><strong>Decretorio</strong></span> <span class='ocrx_word' id='word_1_195' title='bbox 1087 2370 1196 2412; x_wconf 86' lang='lat' dir='ltr'><strong>eorum</strong></span> <span class='ocrx_word' id='word_1_196' title='bbox 1213 2349 1332 2421; x_wconf 88' lang='lat' dir='ltr'><strong>Jurinm</strong></span> <span class='ocrx_word' id='word_1_197' title='bbox 1352 2349 1386 2412; x_wconf 69' lang='grc' dir='ltr'>ἃ</span> <span class='ocrx_word' id='word_1_198' title='bbox 1411 2354 1556 2416; x_wconf 87' lang='lat' dir='ltr'><strong>exercitii</strong></span> <span class='ocrx_word' id='word_1_199' title='bbox 1577 2354 1684 2431; x_wconf 83' lang='lat' dir='ltr'><strong>luisse,</strong></span> <span class='ocrx_word' id='word_1_200' title='bbox 1698 2358 1887 2442; x_wconf 58' lang='lat' dir='ltr'><strong>specietenus</strong></span> 
     </span>
     <span class='ocr_line' id='line_1_21' title="bbox 526 2429 1886 2524; baseline 0.006 -20"><span class='ocrx_word' id='word_1_201' title='bbox 526 2460 669 2524; x_wconf 84' lang='lat' dir='ltr'><strong>capaces.</strong></span> <span class='ocrx_word' id='word_1_202' title='bbox 712 2435 745 2500; x_wconf 92' lang='lat' dir='ltr'><strong>Si</strong></span> <span class='ocrx_word' id='word_1_203' title='bbox 758 2436 841 2497; x_wconf 88' lang='lat' dir='ltr'><strong>enim</strong></span> <span class='ocrx_word' id='word_1_204' title='bbox 856 2452 994 2515; x_wconf 88' lang='lat' dir='ltr'><strong>unquam</strong></span> <span class='ocrx_word' id='word_1_205' title='bbox 1014 2432 1046 2493; x_wconf 94' lang='lat' dir='ltr'><strong>in</strong></span> <span class='ocrx_word' id='word_1_206' title='bbox 1060 2429 1136 2492; x_wconf 86' lang='lat' dir='ltr'><strong>Cain</strong></span> <span class='ocrx_word' id='word_1_207' title='bbox 1148 2430 1230 2503; x_wconf 86' lang='lat' dir='ltr'><strong>Joris</strong></span> <span class='ocrx_word' id='word_1_208' title='bbox 1242 2429 1359 2512; x_wconf 86' lang='lat' dir='ltr'><strong>publici</strong></span> <span class='ocrx_word' id='word_1_209' title='bbox 1379 2431 1574 2494; x_wconf 86' lang='lat' dir='ltr'><strong>Particularis</strong></span> <span class='ocrx_word' id='word_1_210' title='bbox 1594 2435 1700 2500; x_wconf 86' lang='lat' dir='ltr'><strong>Partes</strong></span> <span class='ocrx_word' id='word_1_211' title='bbox 1715 2443 1799 2508; x_wconf 89' lang='lat' dir='ltr'><strong>dubii</strong></span> <span class='ocrx_word' id='word_1_212' title='bbox 1815 2447 1886 2513; x_wconf 90' lang='lat' dir='ltr'><strong>sunt</strong></span> 
     </span>
     <span class='ocr_line' id='line_1_22' title="bbox 527 2510 1884 2603; baseline 0.007 -21"><span class='ocrx_word' id='word_1_213' title='bbox 527 2523 563 2587; x_wconf 80' lang='lat' dir='ltr'><strong>dt</strong></span> <span class='ocrx_word' id='word_1_214' title='bbox 582 2520 710 2603; x_wconf 86' lang='lat' dir='ltr'><strong>ancipiti</strong></span> <span class='ocrx_word' id='word_1_215' title='bbox 726 2516 907 2583; x_wconf 84' lang='lat' dir='ltr'><strong>Decisrooe,</strong></span> <span class='ocrx_word' id='word_1_216' title='bbox 930 2514 977 2575; x_wconf 91' lang='lat' dir='ltr'><strong>nti</strong></span> <span class='ocrx_word' id='word_1_217' title='bbox 995 2512 1026 2573; x_wconf 93' lang='lat' dir='ltr'><strong>in</strong></span> <span class='ocrx_word' id='word_1_218' title='bbox 1045 2510 1152 2573; x_wconf 90' lang='lat' dir='ltr'><strong>nostro</strong></span> <span class='ocrx_word' id='word_1_219' title='bbox 1174 2512 1267 2585; x_wconf 84' lang='lat' dir='ltr'><strong>casu,</strong></span> <span class='ocrx_word' id='word_1_220' title='bbox 1291 2522 1493 2593; x_wconf 87' lang='lat' dir='ltr'><strong>premuntur,</strong></span> <span class='ocrx_word' id='word_1_221' title='bbox 1516 2513 1713 2581; x_wconf 86' lang='lat' dir='ltr'><strong>Decifionem</strong></span> <span class='ocrx_word' id='word_1_222' title='bbox 1731 2527 1823 2589; x_wconf 90' lang='lat' dir='ltr'><strong>unice</strong></span> <span class='ocrx_word' id='word_1_223' title='bbox 1840 2549 1884 2594; x_wconf 83' lang='lat' dir='ltr'><strong>ex</strong></span> 
     </span>
     <span class='ocr_line' id='line_1_23' title="bbox 527 2591 1885 2678; baseline -0.005 -12"><span class='ocrx_word' id='word_1_224' title='bbox 527 2601 601 2678; x_wconf 85' lang='lat' dir='ltr'><strong>Jure</strong></span> <span class='ocrx_word' id='word_1_225' title='bbox 610 2601 804 2666; x_wconf 77' lang='lat' dir='ltr'><strong>Communi,</strong></span> <span class='ocrx_word' id='word_1_226' title='bbox 827 2594 985 2675; x_wconf 85' lang='lat' dir='ltr'><strong>pubiicum</strong></span> <span class='ocrx_word' id='word_1_227' title='bbox 994 2591 1178 2655; x_wconf 80' lang='lat' dir='ltr'><strong>Universale</strong></span> <span class='ocrx_word' id='word_1_228' title='bbox 1192 2605 1356 2675; x_wconf 83' lang='lat' dir='ltr'><strong>putamus,</strong></span> <span class='ocrx_word' id='word_1_229' title='bbox 1380 2593 1582 2656; x_wconf 74' lang='lat' dir='ltr'><strong>mutuandum</strong></span> <span class='ocrx_word' id='word_1_230' title='bbox 1594 2594 1669 2670; x_wconf 86' lang='lat' dir='ltr'><strong>elie,</strong></span> <span class='ocrx_word' id='word_1_231' title='bbox 1689 2595 1801 2672; x_wconf 71' lang='lat' dir='ltr'><strong>omnes</strong></span> <span class='ocrx_word' id='word_1_232' title='bbox 1813 2628 1885 2669; x_wconf 87' lang='lat' dir='ltr'><strong>eru.</strong></span> 
     </span>
     <span class='ocr_line' id='line_1_24' title="bbox 528 2673 1884 2761; baseline 0.002 -12"><span class='ocrx_word' id='word_1_233' title='bbox 528 2686 589 2748; x_wconf 87' lang='lat' dir='ltr'><strong>diti</strong></span> <span class='ocrx_word' id='word_1_234' title='bbox 602 2679 746 2745; x_wconf 81' lang='lat' dir='ltr'><strong>censuere</strong></span> <span class='ocrx_word' id='word_1_235' title='bbox 754 2707 769 2753; x_wconf 93' lang='lat'><strong>‚·</strong></span> <span class='ocrx_word' id='word_1_236' title='bbox 785 2691 883 2757; x_wconf 83' lang='lat' dir='ltr'><strong>quare</strong></span> <span class='ocrx_word' id='word_1_237' title='bbox 898 2676 995 2757; x_wconf 88' lang='lat' dir='ltr'><strong>igitur</strong></span> <span class='ocrx_word' id='word_1_238' title='bbox 1014 2674 1085 2738; x_wconf 80' lang='lat' dir='ltr'><strong>hec</strong></span> <span class='ocrx_word' id='word_1_239' title='bbox 1103 2675 1372 2757; x_wconf 78' lang='lat' dir='ltr'><strong>interpretationis</strong></span> <span class='ocrx_word' id='word_1_240' title='bbox 1391 2676 1491 2758; x_wconf 84' lang='lat' dir='ltr'><strong>prima</strong></span> <span class='ocrx_word' id='word_1_241' title='bbox 1509 2673 1661 2761; x_wconf 78' lang='lat' dir='ltr'><strong>Principia</strong></span> <span class='ocrx_word' id='word_1_242' title='bbox 1677 2673 1774 2746; x_wconf 78' lang='lat' dir='ltr'><strong>modo</strong></span> <span class='ocrx_word' id='word_1_243' title='bbox 1796 2687 1853 2752; x_wconf 87' lang='lat' dir='ltr'><strong>dei</strong></span> <span class='ocrx_word' id='word_1_244' title='bbox 1869 2721 1884 2739; x_wconf 90' lang='lat'><em>-</em></span> 
     </span>
     <span class='ocr_line' id='line_1_25' title="bbox 528 2760 906 2840; baseline -0.019 -10"><span class='ocrx_word' id='word_1_245' title='bbox 528 2785 633 2830; x_wconf 82' lang='lat' dir='ltr'><strong>ramus</strong></span> <span class='ocrx_word' id='word_1_246' title='bbox 644 2806 661 2839; x_wconf 81' lang='lat'><strong>„</strong></span> <span class='ocrx_word' id='word_1_247' title='bbox 680 2763 741 2828; x_wconf 83' lang='lat' dir='ltr'><strong>vix</strong></span> <span class='ocrx_word' id='word_1_248' title='bbox 754 2760 906 2840; x_wconf 85' lang='lat' dir='ltr'><strong>capimus.</strong></span> 
     </span>
    </p>
   </div>
   <div class='ocr_carea' id='block_1_4' title="bbox 476 2874 2031 3297">
    <p class='ocr_par' dir='ltr' id='par_1_4' title="bbox 476 2874 2031 3297">
     <span class='ocr_line' id='line_1_26' title="bbox 1087 2874 1223 2967; baseline 0 -17"><span class='ocrx_word' id='word_1_249' title='bbox 1087 2883 1121 2967; x_wconf 67' lang='grc'><strong>9.</strong></span> <span class='ocrx_word' id='word_1_250' title='bbox 1172 2874 1223 2950; x_wconf 87' lang='lat' dir='ltr'><strong>V.</strong></span> 
     </span>
     <span class='ocr_line' id='line_1_27' title="bbox 531 3002 1889 3105; baseline -0.001 -14"><span class='ocrx_word' id='word_1_251' title='bbox 531 3019 718 3092; x_wconf 89' lang='lat' dir='ltr'><strong>Dominum</strong></span> <span class='ocrx_word' id='word_1_252' title='bbox 730 3013 915 3087; x_wconf 84' lang='lat' dir='ltr'><strong>Territorii</strong></span> <span class='ocrx_word' id='word_1_253' title='bbox 930 3008 1100 3088; x_wconf 85' lang='lat' dir='ltr'><strong>fundatam</strong></span> <span class='ocrx_word' id='word_1_254' title='bbox 1120 3006 1244 3082; x_wconf 84' lang='lat' dir='ltr'><strong>habete</strong></span> <span class='ocrx_word' id='word_1_255' title='bbox 1262 3005 1479 3086; x_wconf 84' lang='lat' dir='ltr'><strong>intentionem</strong></span> <span class='ocrx_word' id='word_1_256' title='bbox 1493 3008 1586 3105; x_wconf 86' lang='lat' dir='ltr'><strong>Juria</strong></span> <span class='ocrx_word' id='word_1_257' title='bbox 1601 3002 1823 3103; x_wconf 82' lang='lat' dir='ltr'><strong>reformandi,</strong></span> <span class='ocrx_word' id='word_1_258' title='bbox 1849 3046 1889 3097; x_wconf 78' lang='lat' dir='ltr'><strong>ex</strong></span> 
     </span>
     <span class='ocr_line' id='line_1_28' title="bbox 476 3103 2031 3212; baseline 0.003 -25"><span class='ocrx_word' id='word_1_259' title='bbox 476 3112 679 3212; x_wconf 83' lang='lat' dir='ltr'><strong>esumprione</strong></span> <span class='ocrx_word' id='word_1_260' title='bbox 694 3117 786 3211; x_wconf 85' lang='lat' dir='ltr'><strong>Juris</strong></span> <span class='ocrx_word' id='word_1_261' title='bbox 804 3109 929 3182; x_wconf 87' lang='lat' dir='ltr'><strong>Publici</strong></span> <span class='ocrx_word' id='word_1_262' title='bbox 951 3105 1141 3180; x_wconf 80' lang='lat' dir='ltr'><strong>universalis</strong></span> <span class='ocrx_word' id='word_1_263' title='bbox 1165 3108 1352 3194; x_wconf 87' lang='lat' dir='ltr'><strong>munitum,</strong></span> <span class='ocrx_word' id='word_1_264' title='bbox 1376 3103 1523 3175; x_wconf 84' lang='lat' dir='ltr'><strong>subditos</strong></span> <span class='ocrx_word' id='word_1_265' title='bbox 1545 3132 1624 3177; x_wconf 86' lang='lat' dir='ltr'><strong>vero</strong></span> <span class='ocrx_word' id='word_1_266' title='bbox 1647 3109 1772 3205; x_wconf 80' lang='lat' dir='ltr'><strong>ubsque</strong></span> <span class='ocrx_word' id='word_1_267' title='bbox 1786 3140 1908 3192; x_wconf 81' lang='lat' dir='ltr'><strong>onere.</strong></span> <span class='ocrx_word' id='word_1_268' title='bbox 2012 3137 2031 3156; x_wconf 68' lang='lat'><strong>&#39;¹</strong></span> 
     </span>
     <span class='ocr_line' id='line_1_29' title="bbox 476 3199 1890 3297; baseline -0.007 -13"><span class='ocrx_word' id='word_1_269' title='bbox 476 3211 605 3294; x_wconf 74' lang='lat' dir='ltr'><strong>theudi,</strong></span> <span class='ocrx_word' id='word_1_270' title='bbox 628 3237 686 3283; x_wconf 87' lang='lat' dir='ltr'><strong>nec</strong></span> <span class='ocrx_word' id='word_1_271' title='bbox 701 3211 882 3279; x_wconf 79' lang='lat' dir='ltr'><strong>audiendos</strong></span> <span class='ocrx_word' id='word_1_272' title='bbox 899 3199 979 3285; x_wconf 82' lang='lat' dir='ltr'><strong>eise,</strong></span> <span class='ocrx_word' id='word_1_273' title='bbox 1008 3229 1067 3274; x_wconf 84' lang='lat' dir='ltr'><strong>nec</strong></span> <span class='ocrx_word' id='word_1_274' title='bbox 1090 3202 1289 3275; x_wconf 76' lang='lat' dir='ltr'><strong>advertenda</strong></span> <span class='ocrx_word' id='word_1_275' title='bbox 1311 3225 1446 3281; x_wconf 86' lang='lat' dir='ltr'><strong>eorum,</strong></span> <span class='ocrx_word' id='word_1_276' title='bbox 1468 3204 1680 3296; x_wconf 74' lang='lat' dir='ltr'><strong>querelarum</strong></span> <span class='ocrx_word' id='word_1_277' title='bbox 1697 3232 1818 3297; x_wconf 75' lang='lat' dir='ltr'><strong>genera</strong></span> <span class='ocrx_word' id='word_1_278' title='bbox 1831 3214 1890 3285; x_wconf 76' lang='lat' dir='ltr'><strong>iub</strong></span> 
     </span>
    </p>
   </div>
   <div class='ocr_carea' id='block_1_5' title="bbox 476 3284 1890 3488">
    <p class='ocr_par' dir='ltr' id='par_1_5' title="bbox 476 3284 1890 3488">
     <span class='ocr_line' id='line_1_30' title="bbox 476 3284 1890 3420; baseline 0.004 -41"><span class='ocrx_word' id='word_1_279' title='bbox 476 3314 528 3394; x_wconf 71' lang='lat' dir='ltr'><strong>uie</strong></span> <span class='ocrx_word' id='word_1_280' title='bbox 539 3308 623 3406; x_wconf 83' lang='lat' dir='ltr'><strong>Juiii</strong></span> <span class='ocrx_word' id='word_1_281' title='bbox 640 3303 763 3420; x_wconf 70' lang='lat' dir='ltr'><strong>adlata,</strong></span> <span class='ocrx_word' id='word_1_282' title='bbox 791 3306 825 3375; x_wconf 94' lang='lat' dir='ltr'><strong>id</strong></span> <span class='ocrx_word' id='word_1_283' title='bbox 847 3302 921 3375; x_wconf 81' lang='lat' dir='ltr'><strong>satis</strong></span> <span class='ocrx_word' id='word_1_284' title='bbox 937 3300 1060 3396; x_wconf 85' lang='lat' dir='ltr'><strong>absque</strong></span> <span class='ocrx_word' id='word_1_285' title='bbox 1076 3284 1141 3373; x_wconf 83' lang='lat' dir='ltr'><strong>alib</strong></span> <span class='ocrx_word' id='word_1_286' title='bbox 1157 3296 1277 3418; x_wconf 78' lang='lat' dir='ltr'><strong>inbuta</strong></span> <span class='ocrx_word' id='word_1_287' title='bbox 1292 3294 1400 3369; x_wconf 83' lang='lat' dir='ltr'><strong>sensus</strong></span> <span class='ocrx_word' id='word_1_288' title='bbox 1415 3290 1569 3370; x_wconf 85' lang='lat' dir='ltr'><strong>formule</strong></span> <span class='ocrx_word' id='word_1_289' title='bbox 1582 3321 1728 3393; x_wconf 75' lang='lat' dir='ltr'><strong>quatenus</strong></span> <span class='ocrx_word' id='word_1_290' title='bbox 1743 3308 1890 3403; x_wconf 82' lang='lat' dir='ltr'><strong>probare</strong></span> 
     </span>
     <span class='ocr_line' id='line_1_31' title="bbox 477 3421 756 3488; baseline -0.025 -10"><span class='ocrx_word' id='word_1_291' title='bbox 477 3431 598 3488; x_wconf 83' lang='lat' dir='ltr'><strong>terunt,</strong></span> <span class='ocrx_word' id='word_1_292' title='bbox 625 3421 756 3476; x_wconf 74' lang='lat' dir='ltr'><strong>evincit.</strong></span> 
     </span>
    </p>
   </div>
   <div class='ocr_carea' id='block_1_6' title="bbox 476 3523 2000 4598">
    <p class='ocr_par' dir='ltr' id='par_1_6' title="bbox 476 3523 2000 4272">
     <span class='ocr_line' id='line_1_32' title="bbox 476 3523 1890 3614; baseline -0.004 -13"><span class='ocrx_word' id='word_1_293' title='bbox 476 3536 634 3603; x_wconf 72' lang='lat' dir='ltr'><strong>Sententiae</strong></span> <span class='ocrx_word' id='word_1_294' title='bbox 650 3535 764 3598; x_wconf 76' lang='lat' dir='ltr'><strong>nostroe</strong></span> <span class='ocrx_word' id='word_1_295' title='bbox 777 3532 849 3614; x_wconf 89' lang='lat' dir='ltr'><strong>quin</strong></span> <span class='ocrx_word' id='word_1_296' title='bbox 863 3527 916 3609; x_wconf 80' lang='lat' dir='ltr'><strong>ipsi</strong></span> <span class='ocrx_word' id='word_1_297' title='bbox 932 3529 1057 3592; x_wconf 87' lang='lat' dir='ltr'><strong>veritati</strong></span> <span class='ocrx_word' id='word_1_298' title='bbox 1072 3525 1205 3609; x_wconf 83' lang='lat' dir='ltr'><strong>pubiicae</strong></span> <span class='ocrx_word' id='word_1_299' title='bbox 1217 3524 1338 3589; x_wconf 83' lang='lat' dir='ltr'><strong>accedit</strong></span> <span class='ocrx_word' id='word_1_300' title='bbox 1353 3523 1557 3607; x_wconf 76' lang='lat' dir='ltr'><strong>negotiorum</strong></span> <span class='ocrx_word' id='word_1_301' title='bbox 1576 3524 1773 3611; x_wconf 88' lang='lat' dir='ltr'><strong>publicorum</strong></span> <span class='ocrx_word' id='word_1_302' title='bbox 1786 3534 1820 3602; x_wconf 79' lang='lat' dir='ltr'><strong>dr</strong></span> <span class='ocrx_word' id='word_1_303' title='bbox 1834 3538 1890 3613; x_wconf 80' lang='lat' dir='ltr'><strong>Ju.</strong></span> 
     </span>
     <span class='ocr_line' id='line_1_33' title="bbox 535 3609 2000 3698; baseline 0.001 -13"><span class='ocrx_word' id='word_1_304' title='bbox 535 3622 609 3684; x_wconf 90' lang='lat' dir='ltr'><strong>dicii</strong></span> <span class='ocrx_word' id='word_1_305' title='bbox 629 3620 740 3679; x_wconf 81' lang='lat' dir='ltr'><strong>alacris</strong></span> <span class='ocrx_word' id='word_1_306' title='bbox 761 3610 1042 3694; x_wconf 79' lang='lat' dir='ltr'><strong>experientissimus</strong></span> <span class='ocrx_word' id='word_1_307' title='bbox 1074 3611 1329 3680; x_wconf 71' lang='lat' dir='ltr'><strong>Heauton,</strong></span> <span class='ocrx_word' id='word_1_308' title='bbox 1360 3609 1499 3689; x_wconf 85' lang='lat' dir='ltr'><strong>pondere</strong></span> <span class='ocrx_word' id='word_1_309' title='bbox 1518 3614 1688 3674; x_wconf 86' lang='lat' dir='ltr'><strong>verborum</strong></span> <span class='ocrx_word' id='word_1_310' title='bbox 1708 3623 1889 3698; x_wconf 78' lang='lat' dir='ltr'><strong>convittus,</strong></span> <span class='ocrx_word' id='word_1_311' title='bbox 1992 3665 2000 3680; x_wconf 46' lang='lat' dir='ltr'><strong>t</strong></span> 
     </span>
     <span class='ocr_line' id='line_1_34' title="bbox 533 3689 1891 3778; baseline 0.001 -14"><span class='ocrx_word' id='word_1_312' title='bbox 533 3696 694 3765; x_wconf 75' lang='lat' dir='ltr'><strong>in&#39;ittedit.</strong></span> <span class='ocrx_word' id='word_1_313' title='bbox 709 3700 749 3760; x_wconf 78' lang='lat' dir='ltr'><strong>ati</strong></span> <span class='ocrx_word' id='word_1_314' title='bbox 768 3696 835 3778; x_wconf 77' lang='lat' dir='ltr'><strong>inst.</strong></span> <span class='ocrx_word' id='word_1_315' title='bbox 860 3695 924 3754; x_wconf 79' lang='lat' dir='ltr'><strong>Pac.</strong></span> <span class='ocrx_word' id='word_1_316' title='bbox 943 3693 1026 3770; x_wconf 69' lang='lat' dir='ltr'><strong>Spes.</strong></span> <span class='ocrx_word' id='word_1_317' title='bbox 1047 3693 1064 3753; x_wconf 84' lang='grc' dir='ltr'><em>Ι</em></span> <span class='ocrx_word' id='word_1_318' title='bbox 1070 3691 1103 3752; x_wconf 84' lang='lat' dir='ltr'><strong>V.</strong></span> <span class='ocrx_word' id='word_1_319' title='bbox 1124 3712 1153 3771; x_wconf 83' lang='lat' dir='ltr'><strong>p.</strong></span> <span class='ocrx_word' id='word_1_320' title='bbox 1170 3708 1240 3770; x_wconf 79' lang='lat'><strong>542·</strong></span> <span class='ocrx_word' id='word_1_321' title='bbox 1259 3692 1292 3750; x_wconf 82' lang='lat' dir='ltr'><strong>io</strong></span> <span class='ocrx_word' id='word_1_322' title='bbox 1312 3699 1373 3749; x_wconf 82' lang='lat' dir='ltr'><strong>not.</strong></span> <span class='ocrx_word' id='word_1_323' title='bbox 1398 3689 1460 3761; x_wconf 79' lang='lat' dir='ltr'><strong>lbi,</strong></span> <span class='ocrx_word' id='word_1_324' title='bbox 1483 3689 1552 3750; x_wconf 83' lang='lat' dir='ltr'><strong>haec</strong></span> <span class='ocrx_word' id='word_1_325' title='bbox 1572 3691 1616 3752; x_wconf 81' lang='lat' dir='ltr'><strong>est</strong></span> <span class='ocrx_word' id='word_1_326' title='bbox 1633 3695 1759 3776; x_wconf 81' lang='lat' dir='ltr'><strong>insignis</strong></span> <span class='ocrx_word' id='word_1_327' title='bbox 1775 3705 1891 3766; x_wconf 86' lang='lat' dir='ltr'><strong>limitu-</strong></span> 
     </span>
     <span class='ocr_line' id='line_1_35' title="bbox 533 3769 1891 3854; baseline -0.007 -7"><span class='ocrx_word' id='word_1_328' title='bbox 533 3785 582 3847; x_wconf 87' lang='lat' dir='ltr'><strong>tio</strong></span> <span class='ocrx_word' id='word_1_329' title='bbox 597 3802 639 3843; x_wconf 81' lang='lat' dir='ltr'><strong>ex</strong></span> <span class='ocrx_word' id='word_1_330' title='bbox 657 3778 809 3841; x_wconf 88' lang='lat' dir='ltr'><strong>adverbio</strong></span> <span class='ocrx_word' id='word_1_331' title='bbox 834 3774 990 3854; x_wconf 77' lang='lat' dir='ltr'><strong>Quatenus</strong></span> <span class='ocrx_word' id='word_1_332' title='bbox 1003 3774 1087 3850; x_wconf 90' lang='lat' dir='ltr'><strong>quod</strong></span> <span class='ocrx_word' id='word_1_333' title='bbox 1103 3773 1231 3832; x_wconf 90' lang='lat' dir='ltr'><strong>modum</strong></span> <span class='ocrx_word' id='word_1_334' title='bbox 1248 3770 1298 3831; x_wconf 83' lang='lat' dir='ltr'><strong>seu</strong></span> <span class='ocrx_word' id='word_1_335' title='bbox 1314 3769 1484 3830; x_wconf 84' lang='lat' dir='ltr'><strong>mensuram</strong></span> <span class='ocrx_word' id='word_1_336' title='bbox 1501 3770 1571 3831; x_wconf 88' lang='lat' dir='ltr'><strong>usos</strong></span> <span class='ocrx_word' id='word_1_337' title='bbox 1584 3773 1651 3835; x_wconf 86' lang='lat' dir='ltr'><strong>five</strong></span> <span class='ocrx_word' id='word_1_338' title='bbox 1666 3782 1812 3845; x_wconf 82' lang='lat' dir='ltr'><strong>exercitii</strong></span> <span class='ocrx_word' id='word_1_339' title='bbox 1830 3785 1891 3848; x_wconf 89' lang='lat' dir='ltr'><strong>Re.</strong></span> 
     </span>
     <span class='ocr_line' id='line_1_36' title="bbox 534 3850 1890 3945; baseline 0.002 -18"><span class='ocrx_word' id='word_1_340' title='bbox 534 3864 665 3945; x_wconf 81' lang='lat' dir='ltr'><strong>iiqionis</strong></span> <span class='ocrx_word' id='word_1_341' title='bbox 689 3860 847 3939; x_wconf 86' lang='lat' dir='ltr'><strong>explicat,</strong></span> <span class='ocrx_word' id='word_1_342' title='bbox 870 3856 1068 3932; x_wconf 82' lang='lat' dir='ltr'><strong>nequeenim</strong></span> <span class='ocrx_word' id='word_1_343' title='bbox 1088 3853 1142 3932; x_wconf 90' lang='lat' dir='ltr'><strong>qui</strong></span> <span class='ocrx_word' id='word_1_344' title='bbox 1162 3851 1273 3913; x_wconf 88' lang='lat' dir='ltr'><strong>subditi</strong></span> <span class='ocrx_word' id='word_1_345' title='bbox 1293 3851 1390 3911; x_wconf 89' lang='lat' dir='ltr'><strong>Anno</strong></span> <span class='ocrx_word' id='word_1_346' title='bbox 1414 3850 1500 3926; x_wconf 73' lang='lat'>1624.</span> <span class='ocrx_word' id='word_1_347' title='bbox 1519 3850 1581 3911; x_wconf 83' lang='lat' dir='ltr'><strong>suae</strong></span> <span class='ocrx_word' id='word_1_348' title='bbox 1603 3853 1777 3938; x_wconf 76' lang='lat' dir='ltr'><strong>Religionis</strong></span> <span class='ocrx_word' id='word_1_349' title='bbox 1795 3883 1890 3928; x_wconf 73' lang='lat' dir='ltr'><strong>exet·-</strong></span> 
     </span>
     <span class='ocr_line' id='line_1_37' title="bbox 534 3930 1891 4026; baseline 0.002 -18"><span class='ocrx_word' id='word_1_350' title='bbox 534 3930 644 4008; x_wconf 85' lang='lat' dir='ltr'><strong>eitium</strong></span> <span class='ocrx_word' id='word_1_351' title='bbox 665 3940 792 4020; x_wconf 82' lang='lat' dir='ltr'><strong>aliquod</strong></span> <span class='ocrx_word' id='word_1_352' title='bbox 814 3936 967 4006; x_wconf 85' lang='lat' dir='ltr'><strong>habuere,</strong></span> <span class='ocrx_word' id='word_1_353' title='bbox 988 3955 1028 3998; x_wconf 80' lang='lat' dir='ltr'><strong>eo</strong></span> <span class='ocrx_word' id='word_1_354' title='bbox 1049 3935 1195 4013; x_wconf 85' lang='lat' dir='ltr'><strong>deinceps</strong></span> <span class='ocrx_word' id='word_1_355' title='bbox 1212 3950 1271 4013; x_wconf 92' lang='lat' dir='ltr'><strong>pro</strong></span> <span class='ocrx_word' id='word_1_356' title='bbox 1293 3932 1421 3991; x_wconf 86' lang='lat' dir='ltr'><strong>arbitrio</strong></span> <span class='ocrx_word' id='word_1_357' title='bbox 1439 3931 1472 3992; x_wconf 77' lang='lat' dir='ltr'><strong>dt</strong></span> <span class='ocrx_word' id='word_1_358' title='bbox 1490 3931 1666 3996; x_wconf 77' lang='lat' dir='ltr'><strong>iiusmodo</strong></span> <span class='ocrx_word' id='word_1_359' title='bbox 1686 3941 1731 4001; x_wconf 93' lang='lat' dir='ltr'><strong>uti</strong></span> <span class='ocrx_word' id='word_1_360' title='bbox 1753 3943 1891 4026; x_wconf 83' lang='lat' dir='ltr'><strong>poliunt,</strong></span> 
     </span>
     <span class='ocr_line' id='line_1_38' title="bbox 536 4012 1891 4105; baseline 0.003 -19"><span class='ocrx_word' id='word_1_361' title='bbox 536 4026 587 4089; x_wconf 82' lang='lat' dir='ltr'><strong>sed</strong></span> <span class='ocrx_word' id='word_1_362' title='bbox 613 4035 743 4086; x_wconf 82' lang='lat' dir='ltr'><strong>eatenus</strong></span> <span class='ocrx_word' id='word_1_363' title='bbox 767 4020 889 4088; x_wconf 82' lang='lat' dir='ltr'><strong>saltem,</strong></span> <span class='ocrx_word' id='word_1_364' title='bbox 919 4028 1071 4094; x_wconf 83' lang='lat' dir='ltr'><strong>quatenus</strong></span> <span class='ocrx_word' id='word_1_365' title='bbox 1095 4018 1187 4074; x_wconf 69' lang='lat' dir='ltr'><strong>cinno</strong></span> <span class='ocrx_word' id='word_1_366' title='bbox 1208 4029 1397 4081; x_wconf 80' lang='lat' dir='ltr'><strong>exercuere,</strong></span> <span class='ocrx_word' id='word_1_367' title='bbox 1420 4012 1510 4073; x_wconf 86' lang='lat' dir='ltr'><strong>vides</strong></span> <span class='ocrx_word' id='word_1_368' title='bbox 1532 4012 1654 4091; x_wconf 73' lang='lat' dir='ltr'><strong>igitur,</strong></span> <span class='ocrx_word' id='word_1_369' title='bbox 1687 4027 1891 4105; x_wconf 82' lang='lat' dir='ltr'><strong>vocabulum,</strong></span> 
     </span>
     <span class='ocr_line' id='line_1_39' title="bbox 536 4093 1891 4189; baseline 0.001 -19"><span class='ocrx_word' id='word_1_370' title='bbox 536 4108 622 4189; x_wconf 89' lang='lat' dir='ltr'><strong>quod</strong></span> <span class='ocrx_word' id='word_1_371' title='bbox 643 4103 773 4167; x_wconf 84' lang='lat' dir='ltr'><strong>illustris</strong></span> <span class='ocrx_word' id='word_1_372' title='bbox 791 4100 947 4179; x_wconf 82' lang='lat' dir='ltr'><strong>interpres</strong></span> <span class='ocrx_word' id='word_1_373' title='bbox 966 4099 1096 4159; x_wconf 84' lang='lat' dir='ltr'><strong>alterius</strong></span> <span class='ocrx_word' id='word_1_374' title='bbox 1112 4093 1303 4173; x_wconf 74' lang='lat' dir='ltr'><strong>Religionis,</strong></span> <span class='ocrx_word' id='word_1_375' title='bbox 1323 4105 1432 4155; x_wconf 83' lang='lat' dir='ltr'><strong>contra</strong></span> <span class='ocrx_word' id='word_1_376' title='bbox 1448 4111 1509 4154; x_wconf 88' lang='lat' dir='ltr'><strong>nos</strong></span> <span class='ocrx_word' id='word_1_377' title='bbox 1523 4094 1599 4156; x_wconf 85' lang='lat' dir='ltr'><strong>alias</strong></span> <span class='ocrx_word' id='word_1_378' title='bbox 1617 4098 1648 4159; x_wconf 91' lang='lat' dir='ltr'><strong>in</strong></span> <span class='ocrx_word' id='word_1_379' title='bbox 1664 4103 1782 4179; x_wconf 84' lang='lat' dir='ltr'><strong>epitrifi</strong></span> <span class='ocrx_word' id='word_1_380' title='bbox 1797 4112 1891 4174; x_wconf 79' lang='lat' dir='ltr'><strong>vaide</strong></span> 
     </span>
     <span class='ocr_line' id='line_1_40' title="bbox 537 4173 1922 4272; baseline -0.006 -20"><span class='ocrx_word' id='word_1_381' title='bbox 537 4189 685 4258; x_wconf 82' lang='lat' dir='ltr'><strong>acerbus,</strong></span> <span class='ocrx_word' id='word_1_382' title='bbox 708 4184 760 4244; x_wconf 78' lang='lat' dir='ltr'><strong>iun</strong></span> <span class='ocrx_word' id='word_1_383' title='bbox 775 4177 1043 4241; x_wconf 75' lang='lat' dir='ltr'><strong>animadversione</strong></span> <span class='ocrx_word' id='word_1_384' title='bbox 1061 4178 1096 4238; x_wconf 74' lang='lat' dir='ltr'><strong>dr</strong></span> <span class='ocrx_word' id='word_1_385' title='bbox 1116 4177 1328 4240; x_wconf 76' lang='lat' dir='ltr'><strong>elucidatione</strong></span> <span class='ocrx_word' id='word_1_386' title='bbox 1342 4192 1417 4234; x_wconf 82' lang='lat' dir='ltr'><strong>vere</strong></span> <span class='ocrx_word' id='word_1_387' title='bbox 1436 4173 1565 4254; x_wconf 82' lang='lat' dir='ltr'><strong>dignum</strong></span> <span class='ocrx_word' id='word_1_388' title='bbox 1579 4177 1756 4256; x_wconf 63' lang='lat' dir='ltr'><strong>judicavit:</strong></span> <span class='ocrx_word' id='word_1_389' title='bbox 1774 4207 1892 4272; x_wconf 68' lang='lat' dir='ltr'><strong>excep.</strong></span> <span class='ocrx_word' id='word_1_390' title='bbox 1916 4191 1922 4200; x_wconf 88' lang='lat'>&#39;</span> 
     </span>
    </p>

    <p class='ocr_par' dir='ltr' id='par_1_7' title="bbox 519 4256 1893 4598">
     <span class='ocr_line' id='line_1_41' title="bbox 519 4256 1892 4339; baseline -0.006 -5"><span class='ocrx_word' id='word_1_391' title='bbox 519 4272 659 4333; x_wconf 73' lang='lat' dir='ltr'><strong>tionem</strong></span> <span class='ocrx_word' id='word_1_392' title='bbox 678 4265 794 4328; x_wconf 79' lang='lat' dir='ltr'><strong>sistere,</strong></span> <span class='ocrx_word' id='word_1_393' title='bbox 818 4271 946 4322; x_wconf 82' lang='lat' dir='ltr'><strong>econtra</strong></span> <span class='ocrx_word' id='word_1_394' title='bbox 963 4257 1236 4339; x_wconf 71' lang='lat' dir='ltr'><strong>presumptionem</strong></span> <span class='ocrx_word' id='word_1_395' title='bbox 1252 4276 1310 4337; x_wconf 89' lang='lat' dir='ltr'><strong>pro</strong></span> <span class='ocrx_word' id='word_1_396' title='bbox 1324 4256 1463 4317; x_wconf 84' lang='lat' dir='ltr'><strong>Domino</strong></span> <span class='ocrx_word' id='word_1_397' title='bbox 1477 4258 1644 4333; x_wconf 88' lang='lat' dir='ltr'><strong>territorii,</strong></span> <span class='ocrx_word' id='word_1_398' title='bbox 1666 4260 1754 4325; x_wconf 86' lang='lat' dir='ltr'><strong>ntiid</strong></span> <span class='ocrx_word' id='word_1_399' title='bbox 1767 4266 1800 4330; x_wconf 79' lang='lat' dir='ltr'><strong>dr</strong></span> <span class='ocrx_word' id='word_1_400' title='bbox 1816 4270 1892 4337; x_wconf 80' lang='lat' dir='ltr'><strong>fecit</strong></span> 
     </span>
     <span class='ocr_line' id='line_1_42' title="bbox 536 4337 1892 4426; baseline 0.006 -23"><span class='ocrx_word' id='word_1_401' title='bbox 536 4349 606 4415; x_wconf 73' lang='lat' dir='ltr'><strong>Lex</strong></span> <span class='ocrx_word' id='word_1_402' title='bbox 625 4346 833 4426; x_wconf 71' lang='lat' dir='ltr'><strong>pragmatica,</strong></span> <span class='ocrx_word' id='word_1_403' title='bbox 852 4341 967 4421; x_wconf 83' lang='lat' dir='ltr'><strong>pariter</strong></span> <span class='ocrx_word' id='word_1_404' title='bbox 983 4339 1057 4401; x_wconf 85' lang='lat' dir='ltr'><strong>inse</strong></span> <span class='ocrx_word' id='word_1_405' title='bbox 1077 4340 1257 4407; x_wconf 83' lang='lat' dir='ltr'><strong>continere,</strong></span> <span class='ocrx_word' id='word_1_406' title='bbox 1280 4337 1391 4397; x_wconf 83' lang='lat' dir='ltr'><strong>deinde</strong></span> <span class='ocrx_word' id='word_1_407' title='bbox 1406 4355 1496 4415; x_wconf 81' lang='lat' dir='ltr'><strong>quam</strong></span> <span class='ocrx_word' id='word_1_408' title='bbox 1513 4338 1610 4421; x_wconf 70' lang='lat' dir='ltr'><strong>inuita</strong></span> <span class='ocrx_word' id='word_1_409' title='bbox 1629 4343 1810 4423; x_wconf 65' lang='lat' dir='ltr'><strong>ptaeintilcie</strong></span> <span class='ocrx_word' id='word_1_410' title='bbox 1827 4353 1892 4416; x_wconf 82' lang='lat' dir='ltr'><strong>Co-</strong></span> 
     </span>
     <span class='ocr_line' id='line_1_43' title="bbox 537 4417 1892 4501; baseline -0.008 -7"><span class='ocrx_word' id='word_1_411' title='bbox 537 4417 684 4495; x_wconf 80' lang='lat' dir='ltr'><strong>mitiiiia.</strong></span> <span class='ocrx_word' id='word_1_412' title='bbox 705 4447 741 4486; x_wconf 79' lang='lat' dir='ltr'><strong>ac</strong></span> <span class='ocrx_word' id='word_1_413' title='bbox 760 4423 854 4485; x_wconf 88' lang='lat' dir='ltr'><strong>Casus</strong></span> <span class='ocrx_word' id='word_1_414' title='bbox 871 4421 954 4493; x_wconf 80' lang='lat' dir='ltr'><strong>Juris</strong></span> <span class='ocrx_word' id='word_1_415' title='bbox 977 4422 1092 4501; x_wconf 89' lang='lat' dir='ltr'><strong>publici</strong></span> <span class='ocrx_word' id='word_1_416' title='bbox 1106 4418 1220 4488; x_wconf 77' lang='lat' dir='ltr'><strong>nostrl,</strong></span> <span class='ocrx_word' id='word_1_417' title='bbox 1240 4420 1337 4478; x_wconf 84' lang='lat' dir='ltr'><strong>toties</strong></span> <span class='ocrx_word' id='word_1_418' title='bbox 1350 4419 1482 4495; x_wconf 83' lang='lat' dir='ltr'><strong>quoties.</strong></span> <span class='ocrx_word' id='word_1_419' title='bbox 1496 4418 1527 4478; x_wconf 86' lang='lat' dir='ltr'><strong>id</strong></span> <span class='ocrx_word' id='word_1_420' title='bbox 1543 4422 1580 4480; x_wconf 81' lang='lat' dir='ltr'><strong>nb</strong></span> <span class='ocrx_word' id='word_1_421' title='bbox 1596 4425 1683 4484; x_wconf 85' lang='lat' dir='ltr'><strong>omni</strong></span> <span class='ocrx_word' id='word_1_422' title='bbox 1698 4425 1796 4494; x_wconf 86' lang='lat' dir='ltr'><strong>dubio</strong></span> <span class='ocrx_word' id='word_1_423' title='bbox 1813 4433 1892 4500; x_wconf 76' lang='lat' dir='ltr'><strong>libe.</strong></span> 
     </span>
     <span class='ocr_line' id='line_1_44' title="bbox 524 4498 1893 4598; baseline -0.001 -24"><span class='ocrx_word' id='word_1_424' title='bbox 524 4500 754 4576; x_wconf 43' lang='lat' dir='ltr'><strong>&#39;rom&#39;dederm</strong></span> <span class='ocrx_word' id='word_1_425' title='bbox 773 4504 828 4576; x_wconf 83' lang='lat' dir='ltr'><strong>lus</strong></span> <span class='ocrx_word' id='word_1_426' title='bbox 842 4502 1029 4564; x_wconf 81' lang='lat' dir='ltr'><strong>reformandi</strong></span> <span class='ocrx_word' id='word_1_427' title='bbox 1045 4505 1077 4563; x_wconf 93' lang='lat' dir='ltr'><strong>in</strong></span> <span class='ocrx_word' id='word_1_428' title='bbox 1098 4498 1205 4578; x_wconf 73' lang='lat' dir='ltr'><strong>regola</strong></span> <span class='ocrx_word' id='word_1_429' title='bbox 1222 4513 1404 4579; x_wconf 81' lang='lat' dir='ltr'><strong>competere</strong></span> <span class='ocrx_word' id='word_1_430' title='bbox 1422 4501 1561 4560; x_wconf 75' lang='lat' dir='ltr'><strong>nomino</strong></span> <span class='ocrx_word' id='word_1_431' title='bbox 1575 4503 1791 4584; x_wconf 69' lang='lat' dir='ltr'><strong>Territnrirli,</strong></span> <span class='ocrx_word' id='word_1_432' title='bbox 1807 4521 1893 4598; x_wconf 83' lang='lat' dir='ltr'><strong>quod</strong></span> 
     </span>
    </p>
   </div>
   <div class='ocr_carea' id='block_1_7' title="bbox 539 4577 1896 4747">
    <p class='ocr_par' dir='ltr' id='par_1_8' title="bbox 539 4577 1896 4747">
     <span class='ocr_line' id='line_1_45' title="bbox 539 4577 1896 4747; baseline 0.002 -88"><span class='ocrx_word' id='word_1_433' title='bbox 539 4595 622 4659; x_wconf 79' lang='lat' dir='ltr'><strong>idern</strong></span> <span class='ocrx_word' id='word_1_434' title='bbox 635 4588 754 4658; x_wconf 66' lang='lat' dir='ltr'><strong>diuum</strong></span> <span class='ocrx_word' id='word_1_435' title='bbox 772 4587 894 4666; x_wconf 49' lang='lat' dir='ltr'><strong>elifio</strong></span> <span class='ocrx_word' id='word_1_436' title='bbox 910 4602 982 4648; x_wconf 81' lang='lat' dir='ltr'><strong>cum</strong></span> <span class='ocrx_word' id='word_1_437' title='bbox 997 4582 1192 4724; x_wconf 59' lang='lat' dir='ltr'><strong>stepenprq</strong></span> <span class='ocrx_word' id='word_1_438' title='bbox 1200 4577 1231 4724; x_wconf 51' lang='lat' dir='ltr'><strong>ig</strong></span> <span class='ocrx_word' id='word_1_439' title='bbox 1244 4579 1517 4743; x_wconf 60' lang='lat' dir='ltr'><strong>{¹}s⁰⁰¹&#39;¹i⁰⁰‘¹¹</strong></span> <span class='ocrx_word' id='word_1_440' title='bbox 1531 4579 1664 4662; x_wconf 79' lang='lat' dir='ltr'><strong>habete,</strong></span> <span class='ocrx_word' id='word_1_441' title='bbox 1686 4595 1806 4661; x_wconf 84' lang='lat' dir='ltr'><strong>tamdiu</strong></span> <span class='ocrx_word' id='word_1_442' title='bbox 1821 4620 1896 4747; x_wconf 51' lang='lat' dir='ltr'><strong>agg</strong></span> 
     </span>
    </p>
   </div>
   <div class='ocr_carea' id='block_1_8' title="bbox 0 0 2507 5556">
    <p class='ocr_par' dir='ltr' id='par_1_9' title="bbox 0 0 2507 5556">
     <span class='ocr_line' id='line_1_46' title="bbox 0 0 2507 5556; baseline 0 0"><span class='ocrx_word' id='word_1_443' title='bbox 0 0 2507 5556; x_wconf 95' lang='lat' dir='ltr'><strong> </strong></span> 
     </span>
    </p>
   </div>
  </div>
 </body>
</html>
