4950 5567
350 665 423 725 .·
513 555 584 712 ,52
801 537 1206 696 utssenuanto
1250 603 1415 710 Jours
1464 603 1699 684 uunntct
1775 591 1778 596 ’

554 790 604 826 “¹
625 785 662 860 In
685 786 879 856 Problemata
898 782 986 856 iuria,
1001 783 1108 847 Germ.
1124 749 1219 847 Numi
1228 783 1348 864 potinem
1362 775 1592 870 'commifflrrium
1604 789 1686 858 ritca
1700 783 1840 870 Pignora
1854 787 1873 851 it

631 889 790 934 manorum
802 869 884 933 Fora
899 864 1007 951 torsus
1018 861 1059 952 Jts
1074 863 1282 934 invehendum.
1305 873 1330 950 ς.
1343 887 1374 948 5.
1391 865 1452 948 seq.

559 987 624 1025 ···*
643 984 939 1092 lactentium.
960 984 986 1068 l.
998 1002 1049 1068 25·
1066 982 1100 1047 ἃ
1114 1003 1166 1068 30·

559 1106 637 1144 ''''
660 1106 698 1170 In
711 1103 801 1191 eJure
818 1106 892 1171 iiiut.
909 1111 939 1167 tl
963 1103 1050 1168 Geni.
1077 1103 1108 1167 C.
1124 1120 1176 1183 23.
1199 1098 1225 1184 i.
1238 1119 1291 1184 73·

560 1220 656 1260 'm'
676 1223 717 1288 le
737 1221 994 1288 Meditationiiut
1011 1220 1058 1296 ,ad
1077 1219 1173 1288 Pand.
1188 1214 1264 1302 [pec.
1281 1223 1353 1299 158·
1370 1212 1414 1282 M·
1428 1231 1459 1283 ¹·

1179 1394 1214 1496 b.
1266 1421 1325 1500 ¹9·

617 1534 773 1629 Denique
793 1533 875 1632 quid
894 1536 981 1611 eirca
1000 1531 1256 1606 Meliorationes
1279 1524 1467 1603 immodicis
1487 1521 1649 1598 sumtibus
1673 1519 1779 1600 faiiaa
1801 1525 1874 1602 licit

518 1628 654 1740 perusia
673 1634 881 1707 aCreditore
896 1631 1111 1706 restituendae
1129 1633 1220 1727 Juris
1238 1625 1300 1699 stt?
1325 1626 1444 1699 ultimo
1460 1628 1550 1694 Loco
1564 1624 1854 1699 determinandum
1872 1667 1874 1678 =

518 1735 623 1806 ilcrea
645 1729 843 1828 plerumque
864 1733 1021 1802 oriuntur
1036 1727 1319 1824 Disceptationce,
1349 1721 1372 1794 st
1392 1717 1480 1792 sorte
1502 1719 1645 1793 Debitor
1664 1723 1748 1798 Rem
1768 1721 1874 1796 olim«

518 1847 670 1902 notatam
686 1827 816 1900 reluere
830 1828 925 1909 velit,
957 1827 1172 1923 nequeenim
1194 1847 1266 1896 tum
1282 1814 1527 1914 Sortislsolunn,
1564 1841 1681 1898 verum
1703 1821 1804 1890 etiam
1826 1823 1874 1890 Irn

414 1933 417 1940 '
519 1944 598 2001 ¹tum
612 1924 646 1993 in
665 1927 749 1996 Rem
772 1927 1028 2021 oppignoratam
1052 1919 1215 1994 saiinrum
1236 1915 1489 1990 Restitutionem
1511 1913 1594 1985 solet
1614 1939 1730 2013 petere
1750 1917 1874 1988 Credite

521 2041 589 2088 non
604 2043 681 2094 raro
697 2043 872 2096 tantarum
888 2023 1023 2100 Duritie
1038 2019 1069 2093 dt
1087 2021 1285 2116 Iniquitate,
1311 2038 1348 2086 ut
1366 2008 1464 2083 steile
1485 2012 1625 2104 intelligi
1641 2035 1759 2108 queat,
1783 2037 1862 2086 eutn

521 2115 609 2184 xime
623 2140 739 2208 agere,
764 2140 801 2188 ut
816 2116 1013 2189 Debitorem
1032 2115 1256 2194 aReluitione
1269 2109 1465 2190 absterreat,
1492 2110 1544 2179 ecl
1566 2110 1664 2205 plane
1683 2107 1853 2193 excludet,

523 2210 570 2280 ait
585 2216 779 2294 Laesae.
799 2213 846 2258 *⁴¹
875 2216 1075 2288 Gntitua
1098 2213 1151 2254 ”⁸
1176 2215 1237 2283 tit:
1264 2229 1399 2305 potentes
1420 2210 1647 2298 Hypotiecarii,
1679 2213 1731 2298 qui
1751 2214 1874 2280 Domini

520 2309 595 2386 dent
604 2307 660 2400 sub
677 2315 767 2382 Prile
782 2313 820 2382 de
832 2317 988 2393 teluende,
1014 2321 1089 2386 Rem
1104 2313 1323 2406 hyperboraeam
1338 2308 1428 2376 novis
1443 2309 1479 2380 sd
1490 2305 1624 2396 pretiofis
1639 2306 1768 2394 edificiis
1779 2305 1875 2396 five,

523 2407 687 2478 rationibus
701 2413 746 2478 itt
762 2430 910 2481 exornant
931 2414 969 2486 ii
988 2431 1124 2504 augent,
1157 2428 1192 2480 ut
1214 2405 1364 2493 sumtuum
1385 2405 1614 2494 Magnitudine
1640 2407 1803 2472 Dominam
1825 2411 1875 2476 Re.

519 2507 789 2598 includercficqtte
806 2511 1026 2602 Preptirtetem
1042 2512 1175 2578 Dominii
1191 2511 1321 2580 retinere
1336 2501 1487 2592 detegant.
1521 2497 1608 2570 unde
1623 2500 1801 2596 quaetiturr
1838 2507 1875 2570 At

523 2599 778 2672 Meliorationcs
799 2603 991 2676 immodicas
1005 2607 1104 2678 Vires
1118 2599 1228 2674 sorsnn
1245 2597 1414 2669 Debitoris
1436 2593 1643 2689 superantes,
1682 2594 1715 2665 dt
1736 2617 1817 2691 quaa
1838 2595 1873 2668 hi

525 2718 625 2788 quam
648 2694 791 2780 fecisset,
824 2722 974 2772 teneatur
992 2699 1163 2780 restituere
1185 2697 1341 2768 reluens‘?
1385 2694 1443 2788 qui
1469 2694 1621 2782 Pignoria
1641 2688 1772 2790 semper
1796 2695 1875 2770 Don

524 2789 700 2868 transferri
721 2797 755 2864 in
770 2795 981 2865 creditorem
1005 2793 1152 2886 fingunt,
1183 2817 1220 2864 ex
1247 2793 1349 2863 boece
1366 2791 1526 2860 Dominio
1549 2782 1715 2872 inferunt,
1754 2791 1875 2888 quodt

525 2891 626 2958 etiam
642 2887 812 2959 Sumtibus
824 2889 982 2961 Creditur
999 2895 1082 2964 Rem
1098 2891 1355 2988 oppignoratam
1373 2883 1555 2958 auiliorem
1573 2885 1787 2958 &meliorem
1803 2883 1874 2959 sace

526 2979 583 3061 fit,
605 3006 730 3077 eosque
748 2988 784 3058 iu
801 2986 989 3060 Reluirione
1002 2992 1152 3080 exigere,
1173 2985 1234 3067 ¹nist
1250 2982 1350 3056 i’aiio
1366 3007 1547 3078 utrumque
1562 2982 1790 3079 prohibentur.
1818 2985 1875 3023 ”³

525 3101 602 3146 rum
624 3077 663 3147 ab
680 3079 739 3149 bac
752 3084 920 3153 Sententia
933 3108 1000 3155 aon
1014 3086 1183 3156 immerito
1198 3083 1324 3156 recedit
1338 3086 1453 3152 LtrYs
1465 3100 1514 3149 uit
1525 3099 1594 3151 us:
1722 3086 1809 3152 Cum
1831 3083 1867 3152 in

526 3176 586 3256 riis
605 3174 768 3270 ejusmodi
781 3182 938 3275 privatis,
964 3180 1020 3253 ubi
1034 3187 1097 3284 Jua
1112 3183 1355 3256 Germanicum
1371 3177 1459 3247 haud
1475 3174 1520 3247 esi
1536 3175 1775 3274 apodiiiirum,
1791 3178 1875 3202 ’'⁸'‘

524 3293 579 3342 tus
594 3271 724 3350 interse
738 3275 902 3368 gaudeant
915 3281 998 3374 Jure
1021 3281 1209 3361 communi,
1231 3274 1474 3370 consequenter
1494 3270 1656 3345 obtinebit
1678 3273 1808 3348 Decisto
1825 3283 1876 3370 Lq-

526 3370 563 3438 de
578 3373 728 3462 pignerat.
746 3379 896 3458 Adime,
923 3378 968 3445 Vi
986 3373 1079 3468 cujus
1095 3401 1160 3446 non
1175 3373 1390 3445 attenduntur
1404 3365 1579 3464 Expensae,
1604 3371 1680 3443 lieet
1697 3372 1820 3456 utiles,
1850 3371 1874 3445 fi

527 3487 636 3537 torem
659 3471 757 3538 nimis
774 3490 930 3561 gravent,
953 3495 989 3544 ac
1004 3468 1135 3569 semper
1158 3471 1239 3542 illud
1255 3465 1449 3541 servandum
1470 3465 1536 3542 elle
1556 3490 1857 3562 temperamentum

525 3564 636 3658 pitut,
662 3587 699 3634 ut
714 3564 861 3637 Debitor
875 3590 942 3638 non
963 3592 1100 3660 cogatur
1115 3593 1152 3641 re
1166 3570 1387 3666 oppignorata
1402 3588 1516 3636 carere
1538 3588 1602 3660 pro
1617 3565 1786 3661 Qtalitute
1809 3565 1876 3638 sum

527 3661 782 3736 Meliorationes
796 3665 885 3735 enim
899 3660 1054 3736 sociendae
1070 3663 1142 3738 sunt
1159 3691 1221 3760 pro
1240 3663 1438 3735 Conditiune
1455 3662 1487 3732 dr
1505 3662 1674 3732 Facultute
1690 3662 1876 3748 Debitoris,

526 3753 746 3851 probabiliter
766 3759 908 3833 Debitor
923 3756 1096 3838 faceretne
1112 3759 1220 3833 facere
1242 3757 1363 3857 pulset,
1389 3759 1422 3829 dt
1437 3761 1579 3853 imputet
1597 3759 1675 3829 alias
1697 3757 1754 3830 sibi
1770 3763 1871 3836 Credi

527 3853 782 3940 Meliorationes
800 3857 918 3931 tollere
934 3883 1094 3955 nequeat,
1121 3859 1210 3955 quod
1230 3858 1309 3928 tales
1324 3853 1456 3933 fecerit,
1482 3878 1518 3924 ac
1536 3853 1599 3925 suae
1612 3856 1753 3928 Fraudis
1771 3857 1876 3952 relig

524 3952 580 4019 tiae
604 3954 717 4020 Pronus
741 3954 825 4035 luat,
862 3954 939 4026 licet
963 3979 1071 4036 tamen
1090 3981 1148 4026 nec
1170 3958 1232 4026 boc
1251 3956 1285 4024 iu
1307 3949 1391 4023 Casu
1412 3953 1563 4045 AEquitas
1586 3977 1604 4021 a
1629 3953 1749 4047 Judice
1768 3949 1807 4024 iit
1827 3979 1876 4046 net

522 4047 586 4127 iili
603 4046 624 4076 ''
624 4047 730 4071 ''''''
756 4050 917 4146 Adeoque
930 4054 970 4124 ad
987 4053 1153 4125 evitandus
1169 4075 1285 4122 omnes
1297 4047 1529 4120 Cnt‘iilationee
1545 4072 1606 4144 per
1619 4048 1764 4120 Modum
1779 4054 1876 4122 Caute

524 4142 645 4222 servit,
672 4141 695 4216 si
709 4144 853 4246 ‚expressa
871 4147 1008 4221 addatur
1024 4146 1194 4229 Clausula,
1221 4153 1251 4217 in
1265 4150 1876 4220 difinitionenullamMelioretitnumdet

522 4241 582 4331 effe
596 4247 765 4315 Rationem.
791 4243 892 4267 ‘‘‘‘‘‘
900 4245 932 4282 ‘⁹
978 4243 1076 4319 cons.
1091 4250 1274 4320 Luusun
1294 4251 1374 4338 Sper.
1396 4269 1475 4324 155·
1495 4245 1596 4315 Med.
1611 4270 1644 4313 ι.
1662 4242 1696 4314 dt
1712 4269 1746 4328 3.

570 4389 589 4430 ⁸
608 4389 656 4454 De
669 4388 828 4530 1Ιππῐςηίύε
841 4391 925 4535 prim
950 4391 1124 4457 necessariis
1141 4389 1509 4466 &debieliotationibua
1524 4392 1695 4464 moderatis
1710 4393 1794 4458 bona
1810 4392 1877 4463 Fide

642 4493 701 4535 vix
716 4491 773 4536 ertt
820 4494 838 4534 u
863 4493 936 4538 tum.
1631 4491 1635 4500 ·

699 4586 977 4658 souibnreate
1005 4588 1088 4672 Sper.
1113 4592 1182 4674 156.
1205 4589 1252 4655 di.
1266 4607 1297 4672 4.
