4950 5567
1995 386 2010 586 l

507 627 581 718 aaa
633 603 971 688 otssattrarto
996 599 1252 682 totunm.
1277 599 1344 680 ax
1364 593 1507 676 s.1t.t.
1528 593 1657 722 June
1679 593 1899 678 ruattco
2007 591 2010 742 Ξ

509 789 660 870 nouare
674 810 887 885 compareat,
911 784 1073 886 postulata
1093 782 1259 882 Corporis
1274 782 1554 880 Evangelicotum
1571 763 1693 858 audeat
1709 807 1834 860 rotare
1848 803 1985 872 enorme
2007 755 2010 866 Ξ

388 899 398 910 ’
509 891 670 970 absonum
694 913 727 964 et
749 886 825 962 sane
842 884 973 962 fatuum
991 882 1202 958 desiderium.
2006 869 2010 1008 Ξ

623 1090 753 1158 Verum
772 1083 813 1154 ad
844 1085 881 1177 t)
904 1109 970 1156 non
990 1105 1057 1154 tant
1077 1081 1272 1178 quaeritur,
1296 1078 1413 1176 quida
1431 1073 1693 1151 Protcllantibttr
1711 1075 1867 1176 Ryswici
1887 1073 1984 1154 alin
2005 1049 2010 1176 Ξ

505 1181 628 1267 suerit,
654 1181 711 1254 ubi
727 1183 862 1254 demum
881 1180 957 1278 ipsas
980 1182 1019 1251 ad
1039 1180 1223 1250 instantiam
1241 1183 1357 1271 Legati
1376 1177 1515 1250 Casarci
1537 1177 1681 1248 ulterior
1695 1181 1867 1250 terminus
1884 1176 1925 1249 ad
1942 1177 1987 1252 tle·
2007 1181 2010 1278 l

504 1279 716 1354 liberandum
731 1304 765 1352 et
778 1276 810 1352 se
825 1280 1062 1352 declarandum
1084 1273 1271 1362 eoncessum
1296 1272 1415 1348 sufficit
1432 1275 1552 1348 deinde
1568 1277 1703 1348 nomine
1719 1278 1865 1374 Imperii
1883 1297 1984 1372 pateat
2008 1337 2010 1342 .

504 1377 700 1474 simpliciter
716 1375 928 1451 ratihabitam
943 1373 1057 1456 fuisse,
1080 1379 1161 1472 quin
1182 1379 1271 1472 parti
1287 1371 1463 1472 supremae
1480 1371 1735 1470 compaciseeoti
1751 1377 1920 1446 nimirum
1934 1377 1984 1448 Re·
2006 1395 2010 1468 Ξ

502 1481 538 1570 gi
556 1477 686 1550 Galliae
703 1473 925 1548 Protellantea
948 1473 1222 1575 protellatiaocm
1247 1497 1477 1570 opponerent,
1502 1495 1560 1544 aut
1583 1469 1616 1543 se
1636 1497 1703 1542 non
1718 1473 1913 1546 consentite
1928 1471 1984 1548 bd·
2008 1477 2010 1564 ἔ

503 1576 644 1673 lumque
661 1572 820 1672 prosequi
841 1575 940 1648 malle
955 1576 1173 1646 declararent.
1225 1575 1309 1642 Inde
1330 1574 1371 1644 ad
1398 1575 1435 1663 2)
1458 1572 1569 1642 denuo
1591 1594 1646 1642 rea
1668 1571 1723 1642 hic
1743 1575 1779 1642 in
1798 1597 1842 1644 eo
1857 1571 1983 1646 ficana
2007 1599 2010 1661 ς

489 1670 569 1754 nst,
597 1673 677 1770 quid
701 1695 796 1744 antea
837 1699 876 1744 to
900 1671 964 1745 bast
989 1669 1218 1768 atlunpserint
1242 1669 1352 1752 Galli,
1378 1666 1434 1741 sed
1458 1670 1540 1766 quid
1553 1666 1678 1837 postea
1702 1665 1781 1765 ipfis
1797 1667 1983 1764 urgentibrt
2007 1685 2010 1698 '

505 1773 579 1866 paci
604 1765 769 1866 adjellum
796 1698 899 1842 sierit
916 1795 932 1843 ε.
959 1772 1079 1842 eodem
1103 1766 1270 1840 modoad
1295 1767 1338 1862 3)
1361 1765 1481 1840 sufficit
1505 1793 1550 1865 po
1580 1791 1618 1838 ea
1638 1769 1673 1836 in
1692 1771 1852 1840 Comitiis
1880 1765 1984 1866 ipsnt
2008 1827 2010 1850 ;

505 1851 1057 1941 Protestantibus‘consentiennbns
1072 1865 1344 1939 ratihabitionem
1360 1865 1541 1938 absolutam
1554 1866 1640 1956 Regi
1655 1865 1917 1963 compaciscenti
1931 1889 1985 1940 tre·

403 1965 406 1972 ’
435 2029 437 2034 .
504 1967 630 2036 ditant:
656 1991 766 2064 neque
789 1966 830 2036 ad
854 1966 897 2060 4)
921 1965 1112 2037 Rcl'cruatio
1126 1966 1181 2036 illa
1196 1968 1376 2060 quicquam
1391 1960 1544 2060 prodell,
1569 1987 1669 2060 quam
1684 1968 1774 2061 parti
1791 1965 1892 2037 alteri
1908 1988 1985 2038 cota·
2008 2039 2010 2044 ,

505 2063 703 2162 paciscenti,
731 2063 893 2157 siquidem
909 2089 984 2134 cum
1002 2065 1057 2132 illa
1073 2063 1158 2135 bona
1178 2061 1246 2134 lide
1268 2087 1367 2154 agere
1382 2063 1580 2144 voluerunt,
1605 2087 1782 2159 opponere
1801 2061 1984 2149 debuissent,

505 2159 565 2232 nili
583 2187 621 2232 er
639 2159 736 2256 pallo
752 2163 811 2231 illo
830 2162 1067 2253 obligationem
1085 2165 1117 2230 in
1135 2159 1167 2232 se
1183 2161 1371 2233 redundare
1385 2161 1569 2243 volueriut,
1596 2183 1696 2257 atque
1709 2162 1789 2233 inde
1802 2160 1858 2259 jue
1874 2165 1985 2236 Catho·

507 2259 598 2338 licis,
626 2284 690 2353 pro
710 2257 830 2354 quibus
848 2257 1018 2356 llipulatus
1034 2257 1079 2328 esl
1098 2258 1154 2331 sabi
1169 2262 1239 2330 Rex
1256 2259 1407 2346 Galliae,
1431 2259 1556 2331 ettalci:
1581 2263 1812 2333 Relervationi
1827 2258 1880 2332 illi
1894 2261 1935 2334 ad
1951 2263 1983 2356 ς)

487 2367 489 2374 “
508 2379 580 2427 rtttn
597 2353 671 2426 satis
689 2357 959 2428 contradixerunt
972 2358 1155 2439 Catholici,
1181 2356 1238 2427 ubi
1257 2358 1378 2430 deinde
1396 2357 1618 2429 controverlia
1633 2383 1743 2442 mota,
1765 2361 1818 2430 uti
1839 2385 1881 2432 ex
1899 2359 1982 2433 Aslit

351 2501 354 2506 -
498 2451 806 2537 ostenditautlon
833 2478 903 2527 tum
920 2453 1047 2529 necesse
1061 2457 1093 2526 id
1109 2481 1175 2526 non
1192 2451 1276 2536 suit,
1302 2480 1378 2527 cum
1396 2453 1616 2527 Protellantea
1632 2457 1854 2530 nihilominus
1868 2457 1983 2552 obliga·

400 2583 402 2588 ·
508 2575 561 2624 tos
578 2575 615 2623 ea
631 2551 772 2624 clausula
790 2552 932 2626 scirent:
963 2579 1068 2652 quare
1090 2554 1130 2624 ad
1153 2556 1197 2647 6)
1221 2554 1414 2626 ratihabitio
1435 2553 1492 2624 illa
1513 2553 1661 2626 absoluta
1682 2559 1821 2630 omnino
1845 2581 1919 2630 rem
1935 2559 1982 2632 hit

507 2653 649 2732 evincit,
673 2675 783 2748 neque
811 2654 1073 2723 machinationes
1091 2652 1166 2722 illae
1181 2652 1257 2746 plus
1277 2653 1451 2746 quidpiam
1475 2651 1638 2749 probant,
1665 2679 1767 2752 quam
1792 2653 1984 2728 studial'to·

507 2748 696 2821 tellantium
714 2775 777 2844 pro
793 2749 939 2822 clausula
956 2749 1135 2828 abolenda,
1163 2773 1334 2845 nunquam
1353 2749 1429 2820 satie
1446 2754 1480 2821 in
1496 2747 1654 2823 effebum
1669 2749 1829 2825 deduila:
1856 2755 1985 2828 demum

506 2848 548 2917 ad
574 2849 614 2940 7)
640 2845 696 2916 ctst
713 2847 883 2941 speciatim
900 2849 1000 2917 etiam
1023 2871 1060 2917 ea
1075 2842 1218 2917 clausula
1233 2847 1275 2916 ad
1293 2851 1425 2944 Corpus
1441 2850 1718 2940 Evangelicorum
1742 2849 1931 2949 spesbalset,
1954 2855 1984 2926 itt

376 2947 380 2952 ’
507 2945 581 3040 ejus
600 2941 759 3040 poteslatc
777 2939 842 3012 fuit
858 2969 972 3038 pacem
988 2969 1053 3013 non
1071 2944 1265 3026 admittere,
1283 2967 1316 3016 et
1330 2945 1455 3016 bellum
1471 2971 1546 3019 cum
1567 2948 1659 3020 holle
1675 2950 1854 3048 prosequi,
1870 2955 1984 3023 etenim

506 3066 584 3113 eum
601 3041 664 3108 alia
684 3042 794 3108 omnia
815 3038 873 3111 stbi
890 3065 960 3110 tum
976 3044 1081 3132 tnagis
1097 3043 1311 3112 accommoda
1329 3045 1497 3124 ctederet,
1523 3043 1762 3136 obligationem
1784 3052 1887 3120 etiam
1901 3051 1982 3147 paria

506 3136 687 3228 agnoscere
709 3135 834 3207 debuit.
884 3136 1129 3210 Dilscrtationis
1154 3138 1303 3222 Antion,
1329 3144 1382 3211 cui
1398 3142 1535 3213 barbam
1553 3139 1685 3217 fortasse
1704 3147 1773 3240 jam
1791 3172 1909 3219 canam
1921 3171 1983 3218 mo·

505 3257 622 3306 mento
645 3235 756 3306 evellit
778 3239 1114 3320 Soacttowtus,
1146 3238 1295 3330 epitheta
1316 3237 1438 3310 isthaec
1461 3238 1517 3311 sua
1535 3237 1718 3317 defendere
1734 3241 1879 3342 ipsemet
1895 3244 1980 3332 seiett

500 3353 622 3414 ¹loreum
637 3334 726 3406 enim
741 3359 807 3405 non
825 3331 871 3406 cll
888 3331 1028 3431 singulas
1044 3335 1114 3434 ejus
1133 3332 1269 3434 phrases
1284 3361 1513 3435 propugnare.

622 3522 769 3598 Sedioni
786 3524 947 3599 secundae
958 3527 1117 3601 Auslotis
1133 3530 1244 3604 denuo
1260 3529 1420 3606 obmovet
1434 3530 1561 3606 Censor
1595 3537 1634 3628 1)
1660 3535 1751 3632 quod
1769 3535 1983 3612 Protellaatet

504 3623 541 3695 in
567 3645 647 3697 voto
670 3623 728 3695 lito
749 3631 921 3696 communi
943 3651 1046 3714 ¹702·
1072 3653 1188 3723 pacem
1215 3655 1279 3725 pro
1297 3630 1419 3702 abolita
1446 3633 1663 3710 declararint,
1690 3636 1743 3704 cui
1761 3637 1929 3709 Catholici
1950 3640 1981 3709 itt

500 3717 613 3818 specie
638 3749 705 3793 non
730 3725 1008 3806 contradixerint,
1034 3727 1186 3823 adeoque
1212 3729 1352 3801 tacendo
1374 3753 1408 3801 et
1436 3729 1495 3825 ipsa
1522 3727 1768 3817 consenseriot3
1798 3759 1888 3830 quae
1907 3757 1980 3808 veto

502 3817 634 3890 Aullor
658 3819 785 3891 silentio
812 3822 888 3891 huic
913 3819 1077 3916 objiciat,
1113 3827 1273 3917 Logicam
1303 3829 1486 3924 jesuitiaato
1516 3852 1658 3924 eamque
1681 3832 1833 3926 ineptam
1863 3831 1980 3930 sapere.

506 3917 546 4005 2)
569 3914 1023 4014 Applicationemdostrinae
1033 3921 1161 4017 dejure
1173 3949 1212 3995 ex
1225 3921 1324 4020 padio
1334 3924 1581 4019 terriiquaestto
1596 3923 1658 3997 csse
1668 3924 1899 4023 sophisticam,
1911 3951 1980 4004 autu
1999 3993 2003 4000 .

502 4017 614 4086 Statua
629 4019 769 4108 Imperii
789 4017 928 4108 obligati
954 4013 1081 4090 fuerint
1102 4020 1143 4089 ad
1164 4025 1283 4092 Pacem
1301 4021 1561 4118 Wellphalicam
1587 4020 1849 4116 defendendam,
1874 4031 1928 4100 cui
1945 4047 1978 4102 e!

501 4110 649 4184 clausula
665 4111 703 4184 stt
719 4112 854 4188 adversa
863 4137 874 4202 3
897 4113 1138 4187 observantiam
1154 4118 1268 4212 itaque
1283 4117 1432 4212 ejusdem
1450 4120 1612 4193 clausulae
1629 4146 1715 4217 quae
1728 4129 1891 4198 Franciae
1909 4149 1979 4222 pro·

500 4207 598 4305 missa
614 4206 737 4292 fuerit,
763 4211 917 4284 adversus
935 4211 1108 4286 Constatua
1126 4237 1248 4306 urgete
1268 4240 1334 4287 non
1357 4215 1515 4311 potuilse,
1540 4217 1599 4289 nist
1619 4243 1653 4290 et
1668 4220 1731 4292 hoa
1750 4222 1897 4296 hostium
1912 4225 1978 4295 loeo

503 4305 630 4380 habere
645 4308 824 4384 voluerint.
871 4309 1028 4382 Subditos
1051 4314 1085 4382 in
1107 4313 1190 4384 hanc
1212 4311 1392 4384 clausulam
1413 4341 1479 4386 non
1494 4313 1699 4398 consensisse,
1725 4322 1833 4394 immo
1847 4347 1927 4394 vero
1941 4323 1977 4392 iit

501 4405 620 4480 invitis
638 4403 806 4475 obtrusam
823 4401 935 4487 suill'e,
962 4431 1080 4505 utpote
1094 4409 1270 4502 Religione
1282 4413 1455 4483 Catholica
1470 4418 1504 4483 in
1521 4414 1621 4499 loeis,
1645 4415 1702 4484 ubi
1716 4441 1812 4492 antea
1825 4417 1978 4491 solaProa

503 4499 677 4573 restantica
706 4497 875 4594 viguilset,
898 4504 1000 4574 etiam
1027 4530 1088 4600 per
1118 4511 1186 4578 vim
1215 4531 1376 4579 armatam
1408 4508 1608 4582 introduiia.
1671 4515 1732 4586 Ne
1754 4513 1826 4612 ipsc
1850 4515 1976 4616 quidem

500 4599 817 4682 stucuowtua
843 4597 885 4670 ad
913 4597 952 4697 a)
978 4600 1173 4680 existimabit
1194 4605 1296 4680 credo
1316 4603 1405 4680 dista
1429 4606 1588 4684 Audacia
1609 4633 1648 4684 ex
1669 4632 1711 4684 eo
1731 4609 1902 4690 confutata
1916 4613 1974 4710 jan

1911 4699 1976 4792 else
