4950 5567
605 641 682 736 tre
1053 618 1634 710 Dissert'ru'rro

619 810 784 984 gegenrisb
784 808 971 1004 portione,
998 831 1067 909 quo
1091 805 1237 898 fessum,
1261 831 1301 884 ut
1324 833 1441 886 etrum
1467 835 1547 912 pere
1570 769 1692 911 negot
1712 811 1889 888 Perochie
1917 811 2081 897 sacieniu

645 935 751 988 neret.

662 1051 703 1138 a)
724 1043 798 1122 Quo
815 1057 964 1127 ¹tempore
976 1041 1078 1108 nullut
1094 1043 1197 1108 adhuc
1212 1046 1278 1110 ruri
1300 1043 1390 1110 inisse
1403 1043 1558 1112 Ecclesiae
1575 1067 1620 1114 ex
1638 1017 1829 1131 urguere,
1851 1046 1986 1134 &eslius
1998 1050 2035 1120 8
2046 1055 2087 1204 pp

735 1128 844 1209 priene'
860 1125 1048 1190 testimoniis
1086 1129 1230 1192 robatum
1246 1129 1334 1196 dedit
1357 1127 1643 1196 THOMASSIN.
1664 1129 1702 1194 de
1720 1127 1787 1197 Ver.
1804 1127 1845 1198 Θ
1862 1133 1945 1200 llice.
1965 1133 2033 1205 Etr,

732 1206 811 1294 stip.
831 1207 864 1274 P.
887 1211 915 1274 1.
933 1209 972 1273 L.
993 1209 1038 1274 ΙΙ.
1060 1147 1133 1296 sup.
1154 1209 1253 1279 XXI,

663 1325 701 1412 e)
722 1325 817 1391 ret,
833 1325 1076 1394 Aruerat
1092 1330 1185 1414 Apu.
1198 1348 1229 1394 2.
1244 1328 1285 1396 u
1304 1277 1552 1394 cuerrocr.
1570 1327 1673 1393 romu.
1691 1337 1741 1402 ιε.
1755 1327 1790 1388 u
1805 1329 1895 1406 aea,
1915 1333 2011 1416 euru,
2023 1347 2089 1405 ..ω

738 1407 869 1492 insignis
890 1409 1072 1474 adhortetio
1096 1412 1227 1476 suadena
1248 1411 1442 1478 eresiionen
1461 1413 1573 1477 talium
1587 1409 1812 1476 oratoriorum
1823 1432 1876 1498 ap.
1892 1419 1993 1482 eund.
2013 1419 2089 1486 ruu

741 1481 884 1558 MASS.
899 1493 974 1558 reru.
993 1493 1068 1578 cap.
1083 1493 1192 1562 xcii.

668 1608 700 1692 r)
719 1609 767 1674 ite
781 1610 911 1676 testatur
925 1611 977 1675 sua
994 1625 1106 1683 cerate,
1135 1616 1267 1679 ineunte
1286 1612 1362 1700 nim.
1382 1610 1457 1676 Suc.
1474 1610 1519 1678 V.
1547 1611 1760 1678 INNOCEN
1762 1608 1808 1676 TI
1811 1611 1874 1678 US
1891 1615 1920 1680 Ι.
1947 1619 1984 1682 iu
1999 1619 2094 1710 Epipo-

743 1694 773 1758 su
787 1713 815 1760 1.
835 1696 876 1759 ud
893 1693 1070 1761 Decentium
1085 1695 1278 1780 Episcopum
1292 1694 1515 1778 Eugubinum,
1539 1694 1694 1759 Ecclesree
1712 1695 1831 1758 rurales
1845 1699 1991 1766 necdum
2008 1708 2096 1790 cogni·

744 1786 804 1843 taa.
848 1777 934 1840 ldem
951 1778 1116 1861 colligitur
1133 1802 1176 1844 ex
1193 1781 1383 1848 testimoniis
1402 1777 1637 1842 GREGORII
1647 1779 1690 1844 M.
1709 1800 1758 1862 ep.
1777 1777 1887 1846 Eunu
1903 1783 1926 1847 l.
1941 1801 1968 1850 r.

668 1895 820 1981 d)l’atet
848 1919 891 1962 ex
921 1897 1091 1981 Cepitular.
1116 1897 1239 1980 Regum
1270 1896 1481 1967 Francorum,
1517 1893 1687 1977 Capitnsar.
1715 1896 1947 1986 Ingisset'merest
1969 1901 2026 1972 VI.
2047 1905 2102 1972 nbi:

548 2015 550 2020 .
587 1973 593 1984 '
733 1983 799 2062 ¹qm·
817 1983 851 2042 in
870 1980 1037 2063 Domosuu
1055 1981 1235 2043 oratorium
1252 1977 1409 2052 habuerit,
1431 1997 1522 2040 orere
1537 1979 1647 2040 isidem
1660 1979 1770 2063 potest,
1791 1977 1905 2064 illt'ffut
1921 1993 2024 2052 eamn
2039 1993 2103 2054 ieet

746 2062 891 2126 celebrere
904 2083 965 2124 noc
982 2062 1111 2133 audeat,
1133 2081 1185 2125 nee
1200 2079 1291 2143 cgere
1306 2064 1446 2144 cuiquam
1460 2064 1621 2144 permittet
1640 2059 1704 2125 &e
1724 2063 1796 2126 item
1814 2065 1935 2132 sl‘ouesl.
1950 2080 2006 2154 53.
2124 2071 2125 2142 3

672 2177 705 2256 e)
731 2178 775 2249 Vi
793 2182 885 2261 cujus
901 2200 967 2243 non
982 2181 1097 2244 licebat
1115 2199 1180 2242 uuo
1198 2181 1249 2243 die
1264 2180 1295 2243 in
1313 2199 1373 2240 une
1391 2178 1551 2252 Ecclesia,
1572 2181 1602 2243 in
1620 2200 1681 2262 que
1697 2180 1857 2244 ordintrie
1875 2181 1992 2248 Altare
2009 2183 2107 2250 solun·

748 2264 848 2326 modo
864 2282 981 2337 unum,
1004 2262 1060 2324 nisi
1074 2265 1199 2326 unicam
1217 2272 1340 2325 tantum
1358 2259 1475 2325 liliffam
1492 2263 1666 2336 celebrare,
1686 2274 1723 2327 ut
1740 2273 1848 2344 aperte
1864 2264 2009 2330 declarat
2025 2267 2109 2352 Speu-

745 2345 805 2408 dtes
825 2346 896 2408 Asst'
910 2345 1069 2430 toderensss
1087 2349 1137 2410 cit.
1154 2364 1174 2408 a
1194 2342 1345 2426 litemuss.
1361 2364 1421 2406 non
1435 2348 1501 2408 sicet
1509 2343 1608 2428 super
1626 2366 1689 2409 nno
1705 2349 1835 2409 Anarta
1849 2365 1917 2411 eene
1935 2352 1973 2413 iet
1987 2352 2035 2413 dr'e
2048 2355 2110 2415 den

744 2423 858 2510 Miffus
902 2429 986 2491 icere.
1033 2427 1116 2490 unde
1140 2438 1191 2496 tot
1211 2426 1370 2490 oratoria.
1410 2429 1441 2489 ui
1462 2447 1534 2489 mos
1558 2428 1627 2491 GG.
1644 2429 1678 2492 dc
1699 2451 1743 2492 ex
1762 2447 1803 2489 eo
1824 2438 1934 2511 patet,
1958 2435 2045 2516 qnod
2065 2433 2111 2498 see

750 2509 838 2592 Pcpu
853 2512 952 2574 modo
967 2509 1139 2592 permiserit
1156 2509 1319 2572 secundem
1334 2446 1452 2574 illisam
1467 2509 1585 2572 infestis
1601 2509 1847 2584 solennioribus,
1867 2532 1973 2598 nequa
1984 2534 2059 2602 paee
2070 2536 2111 2600 pe·

750 2595 819 2676 pusi
829 2591 888 2673 suu
901 2592 1070 2657 Deuotione
1082 2595 1233 2675 privetur.
1250 2591 1331 2676 epist.
1349 2602 1399 2664 81.
1415 2591 1457 2656 cd
1471 2590 1611 2674 Dioscoe.
1625 2593 1687 2677 Ep.
1707 2595 1884 2659 Alexandr.

671 2709 720 2800 s)
735 2711 783 2781 Vt
796 2705 933 2794 permisit
953 2711 1060 2775 setteis.
1075 2701 1254 2794 Agutsmfe
1265 2729 1346 2773 aneto
1359 2708 1431 2792 506.
1448 2709 1520 2772 Cen.
1534 2727 1585 2774 21.
1603 2713 1747 2794 exceptis
1760 2710 1848 2776 sestis
1859 2713 1999 2780 Domini
2013 2715 2047 2782 dc
2058 2719 2112 2784 eliir

752 2794 1004 2865 solennioribus,
1040 2796 1152 2874 quibus
1175 2793 1214 2856 ad
1235 2791 1391 2856 Ecclesiae
1413 2791 1555 2877 publicus
1577 2791 1640 2857 suit
1661 2795 1885 2861 accedendum.
1908 2799 2116 2868 Aureliuul.

760 2877 823 2940 Can
835 2896 885 2959 25.
901 2877 1029 2938 deunce
1042 2895 1113 2956 521.

681 2994 724 3080 g)
748 2992 892 3158 Tlffinppp
906 2993 1035 3156 {appeto
1048 3005 1119 3074 855.
1138 2989 1296 3075 Purrfienst
1317 2989 1373 3055 VI.
1391 2989 1428 3055 de
1442 2993 1538 3056 Anno
1553 3002 1624 3075 829.
1641 2991 1809 3077 capitular.
1823 2993 1984 3062 Ledour'ce'
1997 2999 2049 3064 Hi
2063 2999 2120 3067 ru.

685 3192 723 3275 se)
749 3190 1034 3256 THOMASSIN
1056 3189 1090 3253 P.
1106 3210 1134 3254 1.
1155 3189 1194 3254 L.
1212 3190 1258 3254 II.
1283 3191 1314 3254 C.
1328 3209 1380 3272 93.
1397 3188 1436 3255 δέ
1447 3188 1496 3272 seq
1516 3236 1524 3254 .
1543 3191 1649 3257 Concu.
1670 3192 1779 3261 Aures.
1794 3191 1857 3262 IV.
1877 3194 1958 3266 Cau.
1978 3199 2031 3269 26,
2043 3201 2124 3288 fique

760 3275 915 3342 Paroreia
928 3280 961 3338 in
974 3282 1131 3360 potentum
1146 3212 1635 3360 Domisurtousle'tutusmtffl.
1948 3283 1951 3288 '

1311 3481 1345 3565 ς.
1394 3474 1469 3550 vl.

502 3666 604 3732 Perre·
766 3654 806 3724 ln
828 3649 969 3749 quibus,
993 3646 1058 3721 srve
1074 3671 1187 3721 cerum
1204 3654 1310 3719 credie
1329 3646 1514 3742 spcslerur,
1540 3645 1604 3720 sive
1622 3653 1779 3722 Sacrorum
1795 3646 2004 3737 Ordinatio,
2030 3649 2125 3728 tutes·

482 3769 555 3814 uem
578 3746 634 3820 Jue
652 3747 780 3842 signetae
799 3750 887 3823 dotis
902 3749 1142 3840 administrarit,
1173 3753 1297 3842 primes
1322 3747 1447 3843 ubique
1466 3770 1577 3843 portes
1591 3747 1666 3841 jure
1687 3745 1745 3819 suo
1765 3745 1918 3819 suslinuit
1942 3750 2125 3851 Episcoptlt

464 3848 631 3935 ,ΝΟΜ
652 3851 814 3940 Regimen
835 3872 844 3929 3
877 3845 992 3943 quodsi
1007 3849 1096 3914 enim
1113 3845 1153 3915 de
1170 3849 1209 3914 iis
1227 3870 1341 3915 recens
1362 3843 1564 3915 exstruendis
1579 3843 1710 3928 esium,
1735 3843 1895 3942 Episcopi
1912 3853 2057 3923 Nurum
2071 3873 2125 3922 rur

462 3913 638 4063 ilglffilo·
652 3949 764 4019 omnia
786 3950 952 4025 revereri,
979 3943 1127 4039 Ejusque
1150 3942 1300 4033 flagitare
1317 3939 1518 4014 consensum
1541 3946 1712 4036 oportuit,
1728 3945 1765 4033 a)
1792 3943 1894 4026 tdeo,
1926 3971 1968 4019 ut
1995 3975 2060 4022 nec
2078 3957 2125 4022 An

480 4018 506 4060 ¹⁸
653 4042 745 4139 gullo
761 4048 890 4135 Regum
908 4039 1307 4136 Cesarumquebsajcsles
1324 4042 1401 4112 huic
1418 4037 1483 4109 sese
1496 4039 1686 4111 Direslioni
1703 4041 1920 4124 subduceret,
1949 4070 1989 4117 ut
2005 4049 2125 4120 eunden

651 4145 766 4241 potius
783 4142 814 4213 dc
834 4141 1048 4211 Aurhoritcre
1058 4139 1229 4230 Legum&
1247 4140 1407 4234 sirempse
1424 4136 1606 4208 roboraret.
1624 4139 1663 4228 b)
1714 4138 1767 4209 Ad
1783 4140 1925 4210 eandem
1945 4143 2125 4238 pastoralem

653 4239 920 4336 Spllicitudinem
946 4233 1077 4332 semper
1100 4238 1280 4331 pertinuit,
1307 4238 1445 4307 idoneos
1470 4235 1515 4305 ibi
1538 4234 1712 4307 Ministros
1735 4236 1915 4322 instituere,
1945 4241 1981 4313 dc
2007 4244 2125 4340 quidue

680 4363 757 4411 rout
772 4333 878 4411 visum
896 4331 960 4417 est,
987 4333 1037 4405 vel
1055 4334 1203 4404 Clericus
1222 4335 1359 4405 asterius
1380 4333 1517 4427 majoris
1540 4332 1688 4405 Ecclesrae
1709 4338 1807 4406 certis
1831 4331 2051 4412 solummodo
2066 4343 2125 4412 Die

652 4363 717 4510 lus
732 4437 810 4508 illuc
826 4433 997 4526 delegare,
1015 4434 1050 4524 c)
1077 4432 1128 4502 vel
1145 4433 1244 4502 titulo
1261 4430 1412 4504 beneficii
1432 4456 1557 4503 conexo
1571 4433 1764 4505 Sacerdotes
1786 4437 1950 4529 proprios
1973 4438 2019 4509 ibi
2036 4435 2125 4536 presi

655 4558 752 4617 cere,
770 4538 808 4626 d)
835 4558 903 4630 quo
923 4533 956 4600 in
973 4531 1091 4626 Cupite
1107 4529 1182 4600 sicet
1200 4530 1293 4602 subin
1316 4529 1468 4602 nonnihil
1491 4527 1676 4613 remissum,
1702 4529 1766 4626 (ut
1782 4533 1812 4620 d,
1828 4531 1969 4624 sequenti
1991 4533 2125 4634 petebir]

658 4629 730 4733 ipse
751 4653 862 4710 temen
882 4638 1042 4710 Sacrorum
1061 4631 1223 4703 Ordinatio
1244 4634 1395 4708 receive
1417 4629 1549 4726 integre
1572 4626 1704 4730 semper
1726 4629 1760 4707 dc
1782 4630 1943 4706 inviolate
1963 4637 2125 4734 percssit

2000 4727 2125 4830 erutis·

464 4097 546 4145 turn,
