4950 5567
422 631 461 696 ,·
524 608 593 708 136
821 597 1230 682 DlSSERTATlO
1264 595 1688 676 tttltUGURAms

400 779 402 786 ’
515 783 672 858 vitatibus
688 781 747 858 suo
763 779 855 857 sensu
872 780 1002 856 habitas
1022 773 1118 853 soille
1131 802 1205 863 eas,
1217 775 1287 851 ¹nbi
1302 777 1516 874 Magistratus
1532 779 1611 851 alias
1634 776 1732 852 sacris
1753 776 1946 856 Protellant‘

515 883 643 956 nonnifi
657 880 807 956 addillus
822 877 944 955 foillet.
992 883 1029 968 c)
1055 881 1214 951 Nimium
1230 880 1479 975 praetenditur,
1504 877 1526 950 st
1544 878 1585 950 ad
1602 880 1780 954 Civitatem
1797 882 1938 952 mixtam

462 975 467 988 ⁵
512 985 677 1078 quiritur,
702 1003 740 1051 ut
756 977 903 1052 diversae
918 978 1102 1072 Religionis
1119 980 1313 1048 exercitium
1335 974 1714 1069 Decreto‘Magillratus
1736 1002 1770 1052 et
1785 979 1925 1052 Civium

458 1073 461 1077 ’
511 1105 556 1151 no
575 1090 677 1167 1624.
697 1074 844 1172 praecise
861 1073 1198 1149 editornnnduttun
1223 1070 1280 1156 stt,
1310 1100 1388 1173 cum
1411 1078 1449 1167 1)
1467 1071 1599 1146 forcalle
1619 1074 1856 1171 hujuscemodi
1878 1075 1946 1149 dect

510 1178 701 1270 exemplum
715 1200 776 1247 nee
792 1200 857 1272 pro
873 1175 1050 1269 Rehgione
1064 1172 1237 1246 Catholica
1251 1197 1310 1245 nec
1326 1170 1561 1245 Protestantica
1579 1196 1666 1244 anno
1692 1179 1796 1264 1624.
1817 1175 1946 1248 hoc-mc

508 1270 699 1346 introdulda
713 1270 841 1344 ollcndi
856 1268 969 1368 pellit,
994 1296 1093 1371 atque
1108 1270 1191 1344 adeo
1206 1266 1316 1344 sensus
1331 1270 1513 1344 verborum
1529 1293 1597 1343 tam
1614 1267 1767 1344 insolitus
1790 1275 1920 1346 intuitu
1941 1300 1946 1372 1

507 1369 700 1444 sistentium
716 1368 872 1467 presumi
887 1395 1048 1470 nequeatt
1074 1370 1113 1461 2)
1129 1368 1263 1461 Religio
1276 1367 1395 1440 alicubi
1405 1365 1594 1441 introducta
1605 1365 1663 1441 etii
1677 1391 1889 1444 anteaunttttt
1901 1367 1946 1448 ill

508 1469 728 1542 nihilominus
744 1472 778 1538 in
795 1469 851 1541 tali
868 1469 943 1542 loco
961 1493 1061 1567 quum
1078 1463 1243 1539 veriffime
1256 1465 1447 1538 innodaras
1463 1467 1528 1539 dici
1547 1463 1658 1539 debet.
1726 1472 1767 1563 3)
1793 1471 1946 1543 Exercith

508 1566 703 1640 Catholicae
718 1567 903 1661 Religionis
920 1571 954 1639 in
973 1564 1171 1652 Civitatibus
1189 1567 1330 1661 lmperii
1349 1563 1537 1637 restitutum
1558 1561 1760 1661 potiffimum
1784 1566 1946 1641 debetur·¹

508 1664 597 1737 lebri
611 1665 661 1736 illi
676 1662 911 1737 Constitutioni
936 1659 1116 1738 Catoat
1139 1668 1182 1734 V.
1202 1686 1303 1756 quam
1326 1663 1428 1756 vulgo
1453 1669 1582 1733 Interim
1605 1664 1737 1747 dieunt,
1768 1663 1888 1761 quom
1909 1691 1946 1740 oa

510 1763 662 1858 ejusdem
677 1765 794 1856 vigore
809 1764 842 1834 id
859 1765 1053 1836 exercitium
1074 1785 1092 1832 a
1112 1757 1311 1852 Magissrtru
1333 1763 1486 1831 Civitatis
1512 1759 1686 1855 cujusdam
1706 1760 1897 1836 restitutum
1917 1761 1946 1838 ft

509 1883 614 2030 lh}
626 1858 1153 2030 :¹:215lithtllhlhllh
1166 1855 1777 2052 qdir‘z‘illzllhsssslhilld
1795 1860 1946 2061 {llil

510 2055 591 2127 dum
614 2053 661 2127 est
679 2083 744 2128 van
765 2063 818 2125 der
841 2057 1123 2146 Rertbsstiirtiscbtn
1145 2056 1499 2147 Regimentrvetfaffung
1519 2079 1548 2148 p.
1569 2075 1652 2138 518.
1677 2082 1746 2129 nott
1766 2062 1918 2157 requiri,

509 2155 705 2224 exercitium
723 2152 935 2224 Catholicum
953 2153 1087 2224 decreto
1102 2148 1318 2243 Magistratus
1333 2174 1367 2222 et
1384 2148 1508 2223 civium
1530 2151 1758 2226 introdullum
1774 2153 1833 2239 fit,
1859 2156 1913 2229 vel
1931 2179 1946 2256 p

510 2252 578 2321 tius
592 2248 800 2336 restitutum
828 2252 908 2346 quin
924 2273 1034 2321 tamen
1046 2272 1228 2344 propterea
1243 2247 1325 2319 illud
1343 2274 1479 2345 quoque
1500 2250 1630 2323 admitti
1652 2276 1771 2349 queat,
1801 2251 1946 2330 saltemt

510 2347 578 2419 tale
593 2348 673 2444 quid
689 2345 813 2419 fabium
829 2373 894 2418 non
913 2344 1034 2429 fuerit,
1067 2346 1233 2440 ejusmodi
1254 2350 1431 2417 Civitatem
1454 2372 1520 2418 non
1542 2347 1634 2449 polle
1654 2352 1721 2425 dici
1739 2354 1898 2442 mixtam,
1934 2352 1946 2428 l

509 2467 666 2543 tanquam
685 2471 772 2545 pure
789 2442 1058 2518 Protellanticam
1077 2443 1185 2518 adbuc
1200 2441 1264 2517 elle
1279 2442 1479 2518 habendam.

626 2642 753 2741 Quodsi
777 2645 865 2718 enim
890 2644 924 2715 in
948 2640 1166 2717 conventibus
1188 2644 1353 2738 imperii,
1385 2644 1436 2715 uti
1458 2644 1639 2728 Comitiia,
1678 2647 1946 2728 Circulisdmh

507 2738 612 2812 modo
627 2740 891 2822 confiderentur,
918 2743 951 2810 id
975 2742 1040 2810 alio
1054 2736 1147 2811 sensu
1168 2739 1421 2831 intelligendum
1442 2745 1524 2824 erit,
1549 2746 1710 2816 nimirum
1729 2752 1860 2820 Votum
1875 2751 1946 2824 hu‘t

366 2883 368 2888 -
505 2840 599 2908 modi
618 2842 816 2917 civitatum,
837 2839 960 2929 quoda
978 2834 1178 2929 Magillrntu
1198 2835 1435 2910 Protestantico
1456 2842 1604 2931 geritur,
1631 2863 1789 2938 tanquam
1803 2775 1946 2922 Prottllt

507 2937 611 3004 ticum
635 2930 775 3027 speliari
797 2931 903 3029 polle:
931 2934 1020 3003 aliud
1038 2932 1085 3006 est
1103 2959 1143 3002 an
1164 2936 1274 3026 quoad
1295 2935 1533 3008 controversias
1558 2941 1645 3009 circa
1662 2943 1875 3034 Religionem
1898 2949 1946 3020 cit

504 3029 596 3123 ipsos
618 3054 854 3101 concernentes
871 3030 989 3102 eodem
1007 3030 1109 3102 modo
1124 3031 1186 3102 hae
1201 3035 1351 3104 civitates
1368 3057 1543 3132 promere
1560 3033 1823 3125 Protellanticis,
1849 3067 1946 3144 aurp

505 3131 573 3197 tius
596 3131 705 3199 mixtis
721 3126 781 3201 fint
799 3127 996 3201 habendae?
1032 3129 1132 3201 Plura
1146 3130 1222 3202 vide
1240 3136 1272 3200 in
1289 3137 1340 3206 cit.
1351 3137 1487 3226 Anhang
1504 3142 1549 3202 N.
1567 3140 1596 3204 1.
1614 3143 1652 3215 ff.
1674 3162 1702 3208 t.
1727 3165 1759 3209 ι.
1787 3157 1820 3218 a.
1849 3169 1906 3215 ιι.
1926 3169 1946 3214 2

503 3231 554 3296 N.
571 3231 618 3295 11.
647 3249 711 3299 ntt.
733 3255 764 3307 7.
777 3231 860 3320 seqq.
896 3236 944 3298 N.
963 3231 1025 3298 IX.
1053 3236 1088 3309 ᾗ.
1109 3255 1162 3296 ta.
1213 3227 1297 3299 Inde
1324 3227 1388 3310 est,
1415 3229 1505 3324 quod
1532 3234 1777 3308 Pii'tTrttvs
1800 3234 1924 3312 frullra

499 3320 704 3418 potissimum
721 3347 857 3416 urgeat,
884 3324 1000 3421 quodsi
1016 3325 1180 3396 Catholici
1197 3326 1413 3420 capacitatem
1430 3330 1464 3397 in
1482 3325 1570 3399 hisce
1592 3328 1748 3417 urbibus,
1772 3337 1821 3407 uti
1837 3340 1946 3409 Franc

500 3415 585 3490 furti
601 3422 838 3517 praetendant3
854 3425 958 3493 Statui
976 3422 1176 3513 Evangelieo
1190 3423 1296 3494 invito
1318 3447 1422 3495 novos
1438 3415 1548 3507 cives,
1569 3427 1775 3527 opificesque
1795 3431 1946 3510 obtrudet

501 3515 580 3599 dos,
604 3520 645 3589 ad
660 3544 744 3615 quos
764 3541 873 3589 tamen
896 3519 1106 3615 recipiendos
1129 3544 1228 3591 nemo
1253 3522 1492 3617 imperantium
1518 3526 1641 3596 invitus
1664 3526 1716 3599 vel
1736 3555 1775 3602 ex
1797 3529 1874 3628 ipso
1894 3539 1946 3631 Jut

500 3613 638 3780 publico
653 3614 829 3688 universali
845 3639 1013 3688 teneatur:
1039 3614 1186 3712 quaestio
1206 3619 1295 3688 enim
1315 3618 1370 3691 hic
1392 3619 1455 3703 est,
1486 3620 1527 3693 de
1543 3624 1701 3706 Civitate,
1725 3627 1761 3697 in
1776 3654 1843 3725 qua
1857 3633 1946 3706 Ceth.

517 3715 558 3783 ici
580 3738 618 3784 ex
640 3711 802 3786 beneficio
822 3713 895 3813 ipso
915 3716 992 3784 anni
1009 3715 1168 3786 normalis
1186 3716 1236 3800 ius
1261 3718 1385 3788 civium
1406 3743 1506 3814 atquc
1526 3721 1667 3794 civitatis
1691 3722 1831 3808 habent,
1862 3732 1946 3826 quod

501 3810 638 3904 quidem
655 3838 692 3884 ex
708 3814 780 3884 aliis
795 3814 836 3884 ad
851 3813 884 3883 id
904 3810 1070 3908 requihtis
1094 3813 1141 3882 nil
1161 3810 1257 3885 defit:
1284 3818 1567 3909 quemadmodum
1590 3823 1755 3893 autemid
1780 3828 1897 3923 potius
1917 3831 1946 3902 io

499 3909 611 4003 pingit
625 3912 657 3978 in
681 3912 845 4005 principia
862 3913 954 4005 Juris
977 3907 1102 4008 publici
1117 3908 1327 3993 universalis,
1352 3936 1390 3983 ut
1408 3916 1467 4008 qui
1487 3940 1593 4011 aeque
1608 3922 1691 3989 civis
1704 3919 1751 3991 est
1764 3947 1866 4020 atque
1881 3927 1946 4000 aliu

500 4005 719 4078 nihilominus
738 4032 755 4077 a
772 4006 939 4080 beneficiis
962 4011 1084 4105 cuique
1105 4010 1227 4078 civium
1249 4008 1382 4081 aliunde
1402 4015 1634 4086 communibus
1651 4018 1852 4113 repellatur,
1878 4026 1924 4096 ita
1941 4057 1946 4090 t

500 4101 556 4171 hic
576 4105 664 4174 idem
686 4105 863 4176 dicendum
885 4107 928 4176 de
946 4106 1128 4179 Catholicis
1153 4105 1195 4175 ad
1217 4104 1293 4200 jura
1314 4110 1464 4181 Civitatis
1490 4109 1773 4188 Francofurtenhs
1797 4120 1946 4197 habilibu

498 4200 615 4294 quodsi
636 4204 772 4296 quidem
795 4204 1010 4297 Magistratus
1032 4199 1205 4275 clatilllme
1229 4200 1403 4278 ostendere
1426 4232 1587 4303 nequeat,
1610 4213 1698 4284 unde
1723 4214 1763 4286 ab
1786 4218 1851 4290 hoe
1873 4221 1946 4296 illot

495 4297 572 4395 jure
586 4298 718 4371 civibus
730 4306 899 4374 communi
913 4304 1032 4399 repelli
1048 4324 1187 4397 queant:
1213 4303 1337 4396 paritas
1353 4303 1394 4374 ab
1412 4305 1484 4376 aliis
1499 4307 1644 4381 Statibus
1665 4311 1911 4407 protestantitis
1923 4347 1946 4394 tt

496 4402 602 4495 petita
624 4399 675 4468 vel
698 4401 894 4492 intelligitur
909 4401 950 4470 de
972 4403 1030 4482 iis,
1058 4404 1256 4495 inquorum
1279 4404 1458 4474 territoriis
1474 4406 1640 4479 Catholici
1661 4434 1702 4480 er
1717 4402 1881 4489 beneficio
1897 4443 1946 4491 ant

498 4497 657 4568 normalis
673 4501 865 4568 exercitium
881 4498 1065 4588 Religionis
1081 4496 1220 4580 habent,
1248 4501 1337 4594 atqui
1362 4500 1403 4572 de
1428 4503 1480 4572 his
1496 4499 1586 4576 idem
1601 4510 1739 4582 omnino
1755 4537 1873 4586 verum
1889 4520 1946 4590 erit

497 4594 623 4672 ibidem
648 4619 706 4672 eos
730 4595 775 4670 ob
798 4593 1008 4689 Religionem
1025 4621 1044 4669 a
1060 4597 1297 4672 communione
1316 4601 1566 4689 Mercatorum,
1591 4603 1740 4683 tribuum
1755 4609 1820 4688 dic.
1840 4615 1946 4689 uelut

1902 4738 1946 4791 no
