4950 5567
519 627 598 711 ur
620 591 915 705 rucronuir
939 624 1134 744 ntrnrs.
1161 625 1219 704 nu
1244 623 1493 722 counmu.
1518 634 1686 723 comt
1710 643 1777 724 ce.
1826 679 1898 753 su

465 817 489 892 tl
503 811 754 934 impedimento
767 805 825 881 est.
846 910 852 924 υ
872 812 1020 882 Minime
1034 808 1315 925 ergoCarholicis
1331 811 1574 889 Simultsneum
1594 819 1629 890 in
1644 820 1746 910 locis,
1772 830 1806 900 in
1821 836 1894 930 qui.

465 907 918 1091 fflssssfffifflhbm
944 910 1034 984 haud
1057 907 1225 1004 obtinuit,
1249 931 1368 1008 utrque
1391 938 1503 992 autem
1523 916 1784 1002 Protestautibus
1803 931 1894 1011 inter

580 1185 630 1254 ru
649 1183 683 1269 c.
701 1178 940 1247 rmum.
1083 1243 1088 1260 ,

465 1342 736 1453 luemadmodum
753 1333 941 1439 prohibitio
961 1330 1156 1405 Simultauei
1180 1330 1346 1412 delibero
1363 1338 1590 1418 &universali
1610 1345 1790 1423 Catholicae
1805 1353 1901 1430 uella

464 1453 548 1526 iouis
571 1445 741 1518 Exercirio
769 1431 961 1532 accipienda
988 1455 1050 1528 per
1075 1431 1236 1519 dedusla5
1264 1440 1310 1510 ita
1329 1443 1488 1540 Princeps
1513 1445 1731 1537 Evangelicus
1755 1447 1895 1526 subditis

465 1547 627 1624 :arbelitis
642 1542 847 1617 Exercitium
870 1533 1054 1623 Religionis
1075 1555 1117 1602 eo
1138 1535 1261 1618 modo,
1289 1541 1399 1632 quoad
1424 1539 1597 1627 solennis,·
1614 1544 1794 1620 limitatum
1817 1576 1896 1625 con·
1967 1565 1969 1578 '
2046 1561 2049 1570 “
2101 1515 2108 1536 ’

465 1649 558 1726 cdere
598 1641 700 1725 otest,
725 1664 767 1714 ne
779 1643 813 1711 in
830 1633 1062 1731 prejudicium
1073 1631 1258 1725 Religionis
1274 1636 1529 1712 Proreslanrium
1545 1664 1679 1735 vergst3
1706 1669 1783 1716 cum
1799 1673 1897 1723 econ·

465 1751 546 1824 turio
570 1671 733 1839 stinceps
760 1733 953 1812 catholicus
983 1727 1242 1804 Protellsntibus
1267 1738 1516 1811 Co'e'xercirium
1533 1739 1719 1833 Religionis
1744 1744 1898 1822 illimits·
2035 1759 2038 1768 '

465 1844 711 1924 unconcedere
729 1833 863 1936 polsn.''
909 1826 1151 1924 Ignoscendum
1174 1827 1331 1928 profesio
1356 1835 1441 1908 mihi
1464 1837 1585 1920 credo,
1609 1839 1777 1937 pleneque
1796 1843 1898 1920 confi·
2008 1873 2011 1878 ·
2048 1929 2050 1936 Ι

465 2001 474 2035 ,
494 1933 700 2021 fidovitium
710 1940 774 2010 hoc
784 1955 1018 2028 argumentum
1035 1925 1116 2010 else,
1135 1929 1169 2001 dr
1186 1929 1227 2002 ab
1244 1934 1472 2032 antiquiorum
1487 1961 1552 2007 non
1568 1958 1696 2009 tantum
1706 1938 1898 2020 Dollorum

466 2044 609 2144 gulleuae
625 2034 828 2113 Consellroni
844 2024 1057 2105 addislorum
1072 2031 1107 2099 in
1123 2025 1386 2104 instrumentum
1398 2036 1491 2104 Pacis
1506 2043 1824 2125 commentantium,
1840 2041 1898 2116 sed

465 2154 614 2222 Statuam
628 2165 665 2212 ac
677 2143 884 2231 Legatorum
905 2123 1219 2222 compaciscentium
1236 2152 1349 2205 mente
1370 2155 1442 2204 tum
1460 2131 1571 2205 habits
1592 2134 1729 2233 prorsus
1749 2139 1899 2216 alienum

465 2271 537 2322 eru.
586 2238 732 2339 Qralem
749 2238 840 2307 enim
856 2227 1081 2301 turbationem
1096 2247 1168 2300 tum
1185 2232 1350 2323 temporis
1365 2232 1643 2324 Statusdrbegsti
1659 2235 1897 2327 intellexerint,

465 2344 581 2420 coeris
594 2322 1117 2414 rursusPsslisHildefienstbus,
1142 2350 1180 2396 sc
1195 2323 1269 2422 ipso
1285 2331 1455 2427 precipue
1465 2329 1601 2404 Recelsu
1610 2332 1804 2408 Brunsvito·
1819 2339 1899 2411 Hil-

464 2440 542 2522 ieuli
558 2432 739 2540 principali
754 2429 907 2528 superius
922 2420 1170 2497 Dissertationis
1186 2421 1286 2519 hujus
1303 2436 1331 2515 p.
1347 2431 1388 2496 Χ.
1410 2426 1541 2522 sdjeslo
1559 2455 1626 2501 non
1641 2429 1780 2505 obscure
1802 2437 1900 2507 colli·
1941 2423 1943 2430 ’

465 2571 509 2618 rr.
559 2536 738 2613 Creditum
756 2533 847 2605 enim
860 2522 975 2621 reapse
986 2518 1069 2605 suit,
1094 2545 1154 2593 nec
1171 2518 1300 2595 discsse
1315 2547 1375 2596 nec
1390 2523 1553 2598 indiresle
1569 2552 1625 2599 sut
1640 2553 1704 2624 per
1718 2530 1897 2629 obliquum

465 2645 619 2716 dirorum
644 2629 902 2707 dilsentientium
929 2620 1154 2695 turbationem
1174 2619 1341 2715 quandam
1365 2618 1460 2707 lieri,
1486 2621 1561 2695 fiin
1580 2622 1638 2696 suo
1660 2631 1820 2700 exercitio
1835 2631 1898 2728 ipsi

465 2749 660 2840 inquaurur,
684 2725 850 2830 quidquid
874 2723 1010 2794 demum
1028 2744 1104 2792 curn
1128 2715 1184 2789 sus
1208 2719 1385 2812 Religione
1400 2725 1566 2795 Dominus
1587 2719 1726 2810 fecerit,
1750 2750 1895 2824 eamque

465 2827 874 2918 nominenominee,
900 2825 970 2894 imo
993 2821 1028 2890 in
1053 2816 1186 2890 easdem
1204 2817 1364 2890 Ecclesras
1389 2817 1668 2917 superinduxerit.
1731 2823 1820 2895 lllud
1846 2829 1898 2900 in·

465 2939 627 3016 nmodum
645 2958 684 3006 es
701 2925 939 3011 communione
952 2913 1170 2991 Ecclestarum
1193 2913 1332 2990 subditis
1353 2918 1511 2993 accedens
1533 2918 1632 2992 nihili
1650 2942 1722 2994 rum
1743 2921 1914 3000 habitum·

465 3067 491 3127 r,
516 3054 749 3132 eorempore‚
773 3049 841 3125 quo
857 3022 998 3092 durante
1014 3016 1122 3088 adhuc
1145 3012 1252 3097 bello,
1276 3015 1310 3086 dt
1333 3017 1509 3100 meditata,
1537 3021 1607 3090 imo
1623 3018 1801 3092 deliberari
1824 3021 1896 3117 jam
1954 3009 1961 3022 “

465 3166 513 3216 rte
529 3143 633 3216 Pace,
657 3132 801 3202 maxime
822 3121 951 3217 experti
971 3113 1121 3196 fuerant,
1147 3111 1389 3207 &intelligere
1414 3117 1615 3201 debuerant,
1642 3119 1755 3209 quales
1777 3120 1893 3195 turbas

465 3231 603 3315 *Pacem
616 3256 694 3303 mox
714 3222 922 3298 sanciendam
944 3241 982 3289 ex
999 3214 1149 3309 Imperio
1166 3207 1270 3282 rbelse
1293 3212 1471 3288 voluerint.
1522 3220 1566 3288 Et
1584 3219 1736 3312 quumvis
1757 3219 1811 3289 hic
1826 3223 1892 3295 Re·

465 3339 559 3416 isser
578 3330 677 3427 supra
692 3322 788 3397 dislis
806 3316 918 3415 polles
931 3314 1109 3405 abrogatus
1124 3306 1180 3392 fit,
1200 3333 1240 3382 es
1259 3307 1329 3407 ipsa
1347 3333 1457 3384 tamen
1480 3312 1706 3408 abrogationis
1720 3318 1807 3390 rstio
1821 3341 1891 3393 non

465 3439 557 3517 lestis
570 3429 781 3503 subditorum
798 3415 1056 3490 dissentientium
1071 3408 1331 3509 qualiscunque,
1346 3406 1399 3482 sed
1415 3408 1564 3510 possesso
1577 3419 1609 3484 in
1620 3417 1891 3492 AnnoNormnli

465 3547 538 3621 titus
563 3557 619 3606 ¹⁰¹¹

465 3727 746 3814 nonasteriorum
766 3722 801 3791 in
816 3722 916 3788 Anno
931 3707 1092 3780 Normali
1108 3699 1282 3777 certissime
1304 3704 1424 3779 hsbitae
1445 3733 1513 3779 non
1534 3706 1736 3793 institissent,
1763 3717 1889 3789 merito

465 3807 561 3914 inere
582 3842 756 3925 poterant,
778 3839 816 3889 ut
840 3813 873 3885 dr
894 3807 1078 3906 Episcopus
1094 3799 1309 3874 Hildeliensrs
1328 3804 1453 3902 aliquid
1472 3805 1712 3880 subditisultra
1726 3808 1890 3907 polsellio·

621 3550 723 3699 poam
748 3519 864 3614 regula
888 3511 1053 3608 generalis
1075 3511 1210 3580 inPace
1231 3505 1332 3580 semel
1352 3507 1511 3594 slabilita,
1538 3514 1653 3587 extitit.
1712 3519 1788 3588 lmo
1809 3541 1890 3592 curn
2014 3577 2023 3602 Ι
2091 3603 2096 3610 Ι

465 3665 518 3716 ces
526 3642 618 3708 Brun
635 3619 779 3699 vicenses
794 3642 856 3715 per
871 3611 1010 3686 modum
1025 3632 1111 3682 verre
1125 3602 1359 3678 transsslionis
1376 3631 1443 3680 tam
1458 3610 1567 3704 rigide
1583 3610 1629 3681 illi
1647 3607 1712 3683 suae
1726 3610 1894 3710 polsellio·
2030 3611 2042 3628 '

465 3933 647 4014 uhabitsrn
660 3918 870 4008 indulgeret,
893 3909 925 3981 dr
943 3905 1185 3978 Simultsneum
1206 3924 1388 3998 propterea
1404 3906 1546 3977 crudum
1561 3903 1675 3977 saltem
1690 3909 1889 3987 dimitterer.
2041 3915 2055 3928 ‘
2096 3879 2110 3894 Ἰ

465 4041 617 4114 rdrsmen
633 4020 711 4096 inde
725 4011 870 4089 evislum
886 4028 1015 4086 munet,
1040 4005 1117 4101 quis
1131 3998 1447 4085 necHrldestenses,
1472 4027 1533 4076 nec
1546 4001 1795 4080 Brunsvicenses
1810 4034 1889 4082 cou·
1986 4077 1988 4082 ,
2102 4033 2123 4080 ,-

465 4131 604 4212 disloris
624 4127 659 4196 in
674 4112 775 4192 Peslo
790 4109 936 4207 quodam
956 4101 1092 4201 publico
1118 4095 1259 4170 asserere
1281 4100 1470 4184 voluerint,
1497 4103 1760 4190 Simultsneum,
1786 4111 1888 4179 maxi.

476 4231 672 4311 innoxium,
707 4239 766 4288 nec
784 4204 911 4280 direlle
927 4227 986 4273 nec
1002 4192 1166 4272 indirefie
1182 4192 1409 4294 possessionem
1425 4202 1581 4272 Exercitii
1596 4200 1803 4276 subditorum
1818 4229 1889 4276 tut·-

465 4363 487 4412 c
502 4355 560 4406 sut
575 4319 758 4419 impedire,
784 4313 853 4379 imo
870 4299 1056 4376 Chrilliune
1073 4298 1106 4369 dr
1121 4296 1274 4368 ordinate
1289 4297 1322 4366 in
1337 4295 1456 4368 talibus
1472 4299 1607 4397 templis
1623 4322 1641 4369 s
1656 4299 1790 4373 diversae
1799 4301 1891 4374 Reli·

467 4440 515 4508 nis
536 4414 746 4502 consortibus
768 4403 1008 4502 frequentatis,
1035 4397 1268 4487 multomagis
1289 4417 1371 4487 ergo
1391 4397 1426 4465 in
1445 4394 1526 4468 locis
1544 4422 1672 4470 tsnrum
1688 4397 1727 4468 rb
1743 4423 1888 4496 utraque

465 4519 700 4608 rehabitstis‚
725 4494 1042 4594 omniafieripolse.
1093 4498 1197 4565 Hunc
1215 4501 1304 4565 enim
1322 4497 1355 4562 in
1373 4489 1472 4584 finem
1487 4493 1657 4588 Recelsupr
1674 4493 1781 4591 ipsum
1797 4499 1889 4572 Reli·
1960 4575 1962 4582 ,

465 4599 514 4706 nis
528 4613 723 4700 consessum
743 4601 837 4679 fuisse
857 4621 971 4697 aperte
993 4591 1146 4667 asserunt.
1199 4595 1401 4689 Qtanquam
1419 4594 1501 4691 quid
1524 4619 1610 4691 opus
1624 4589 1670 4665 est
1686 4593 1727 4666 ad
1745 4597 1890 4669 soterio·

465 4735 578 4814 usare
590 4707 744 4801 conclusa
758 4711 914 4784 Sturuum
929 4697 1125 4798 opinionem
1144 4695 1356 4792 provocare?
1379 4717 1456 4772 ctun
1472 4691 1563 4770 suern
1580 4692 1621 4771 de
1634 4690 1700 4768 hoc
1714 4715 1897 4792 argumen:

1856 4817 1894 4873 10
