4950 5567
585 581 638 672 96
844 647 850 658 ,
883 567 1290 655 mssERTnTro
1353 567 1780 648 lNAUGURALIS

589 749 630 836 in·
654 751 709 831 bis
760 755 880 860 aginis
909 749 1071 831 breviter
1103 750 1324 830 tratiandam
1348 747 1528 854 propositi.
1576 745 1681 852 stpbo
1706 765 1792 847 35to
1817 745 1993 852 Articuli
2008 747 2075 828 Vri

592 856 626 934 Ι.
649 853 690 929 Ρ.
721 770 762 934 ό)
788 877 900 930 omnes
920 851 1056 947 firbditi
1086 851 1320 956 cujuscunque
1332 849 1565 1026 jeneririt’
1582 849 1782 954 Religionis
1812 849 2014 945 indistintie
2034 845 2079 928 od

599 952 768 1054 opificum
788 953 939 1054 Collegia
955 949 1104 1028 admitti
1107 947 1287 1054 jubentur
1296 979 1309 1023 .·
1356 948 1534 1027 ubitatum
1552 964 1703 1025 autema
1715 949 2009 1045 norrnndisfuit,
2033 971 2075 1026 tu

592 1046 663 1129 bac
678 1051 728 1127 Le
753 1054 784 1126 is
796 1050 970 1150 disposttio
986 1053 1043 1125 ita
1058 1049 1280 1151 generaliter
1294 1044 1473 1144 obtineat,
1496 1062 1539 1124 ut
1545 1048 1653 1149 plane
1670 1049 1783 1124 nudus
1797 1046 1939 1151 desuper
1951 1047 2075 1138 adsta·

594 1165 672 1227 tum
732 1153 798 1224 nni
820 1147 1006 1225 Normalis
1029 1147 1194 1248 respeiius
1213 1144 1383 1226 habendus
1399 1147 1479 1242 fito·
1512 1144 1738 1223 crediderunt
1765 1151 1860 1224 enim
1883 1141 1947 1224 boc
1972 1145 2026 1222 Le
2055 1145 2063 1164 '
2104 1175 2119 1252 ζ

593 1244 793 1339 beneficium
807 1245 855 1322 ad
873 1249 935 1323 illa
956 1260 1098 1324 tantum
1118 1246 1147 1320 0
1170 1247 1287 1338 ificum
1305 1243 1638 1350 CollegiadiretIum
1646 1243 1778 1340 fuiffie,
1812 1249 1854 1320 in
1868 1240 1995 1348 quibus
2103 1265 2119 1300 .-

581 1344 812 1444 ficiditorum
832 1344 913 1420 Reli
938 1348 994 1433 io,
1019 1348 1082 1448 qui
1104 1371 1126 1420 a
1149 1348 1255 1421 mitti
1278 1345 1425 1442 volunt,
1449 1349 1559 1422 Anao
1578 1343 1749 1420 Normali
1770 1341 2074 1440 toleratafucrit‚

592 1443 634 1521 de
651 1442 736 1522 aliis
748 1459 864 1520 autem
881 1370 971 1520 idm
985 1445 1182 1547 predicari
1198 1470 1270 1522 non
1282 1446 1386 1548 poffe.
1435 1445 1513 1521 Nos
1530 1457 1648 1520 autem
1661 1437 1829 1520 ’breviter
1843 1437 2075 1554 probabimus,

594 1545 749 1620 termino
769 1541 962 1621 decretorio
985 1548 1025 1619 in
1040 1539 1104 1620 bac
1122 1549 1277 1622 materia
1297 1548 1434 1622 ommno
1449 1543 1560 1620 locum
1576 1568 1645 1620 non
1665 1542 1752 1642 effe:
1776 1539 1826 1618 ad
1834 1567 2009 1644 rrrcryorem
2026 1541 2075 1620 rei

548 1653 569 1668 “
592 1639 799 1740 claritatem
824 1657 940 1719 totum
961 1641 1166 1722 Teatiatum
1184 1649 1225 1720 iu
1243 1660 1394 1750 quatuor
1418 1643 1545 1746 Capita
1563 1637 1749 1745 dispertiti
1760 1638 1899 1746 [crucum
1919 1645 2077 1741 primun
2111 1717 2119 1728 ‚

593 1737 826 1832 demonstrat,
855 1741 978 1818 Civem
1004 1745 1044 1818 in
1062 1768 1190 1845 genere
1214 1746 1351 1844 concipi
1371 1768 1440 1819 non
1457 1743 1565 1842 poffe,
1592 1747 1651 1817 cni
1670 1737 1740 1818 noer
1754 1754 1928 1914 conpetat
1946 1739 2076 1830 elciiiu
2108 1795 2119 1824 -,

594 1834 644 1914 ad
662 1836 830 1940 quodnam
859 1841 1045 1941 opificium
1066 1837 1225 1944 aspirare
1248 1842 1350 1918 velit.
1406 1839 1599 1918 Secundam
1618 1842 1778 1928 evincit,
1823 1840 2078 1938 nstroonenrun
2115 1849 2119 1926 ζ

595 1934 701 2012 Pacis
713 1941 884 2014 neminem
907 1935 1214 2041 ollleligionema
1232 1939 1320 2015 Colle
1345 1943 1394 2014 iis
1415 1939 1584 2039 Opificum
1602 1937 1745 2018 excludi
1761 1937 1858 2016 velle.
1912 1936 2079 2016 Tertium
2109 1929 2119 2018 Ϊ

589 2033 686 2130 filiit
703 2039 858 2110 rationes
881 2037 1040 2128 illormn,
1067 2042 1130 2140 qni
1145 2043 1293 2115 Annum
1307 1965 1512 2116 rb'ormalem
1527 2043 1668 2117 ratione
1681 2037 1842 2138 cujusvis
1861 2035 2009 2138 Opificii
2026 2049 2098 2118 ain.
2116 2043 2119 2130 ζ

596 2130 802 2208 tendendum
824 2133 884 2229 effi
902 2133 1127 2212 contendunt.
1181 2138 1364 2314 {nartem
1382 2136 1524 2240 deniqne
1545 2137 1686 2232 refletat
1704 2139 1862 2211 rationes
1874 2133 2080 2234 pradilia,
2111 2181 2118 2188 -

597 2225 646 2308 θ’
666 2229 862 2316 concludit,
887 2233 1035 2307 Annum
1060 2236 1200 2310 Norma
1213 2262 1267 2312 em
1297 2237 1465 2336 Opificum
1495 2235 1584 2311 Colle
1609 2239 1657 2311 iis
1680 2259 1750 2310 non
1772 2235 1974 2310 convenire.
2023 2233 2081 2312 Dr¹
2117 2235 2119 2242 '

598 2326 732 2431 reliquo
745 2344 882 2418 autern,
906 2355 984 2406 cum
1012 2326 1143 2424 Thefis,
1170 2361 1274 2437 qnam
1291 2331 1381 2429 hisce
1402 2261 1733 2435 tuendamfficscepi,
1757 2330 1983 2434 aliquotiesa
1999 2331 2081 2410 tali·

597 2421 778 2502 insertam
791 2427 916 2508 Viris.
939 2453 1085 2530 quorum
1099 2430 1293 2510 dolicinam
1303 2432 1514 2536 socrnmopere
1527 2457 1696 2521 veneror,
1723 2433 1933 2532 impugnata
1937 2431 2081 2527 flectit,

597 2525 740 2602 uuicma
753 2520 862 2600 adbrrc
877 2525 1080 2603 rnorreudmn
1095 2532 1251 2624 credide,
1276 2533 1394 2607 omnia
1409 2531 1581 2605 vinrirum
1597 2554 1620 2604 a
1634 2555 1687 2605 me
1703 2523 1791 2603 banc
1807 2533 1847 2603 in
1866 2551 1941 2603 rem
1957 2529 2079 2624 adata,

587 2621 737 2720 sepostto
760 2625 855 2710 ottoni
878 2624 1168 2708 contradidionis
1177 2629 1342 2736 spiritu,
1361 2625 1522 2736 prosola
1543 2629 1721 2723 ueritate,
1742 2625 1958 2727 conscientia
1980 2629 2079 2712 828⁶oe

597 2719 769 2814 dictante,
794 2721 993 2824 conscripta
1012 2723 1130 2828 furffie.

1080 2999 1459 3120 CAPUT
1550 3005 1591 3116 1.

628 3216 743 3313 civis
760 3224 927 3340 concipi
945 3227 1114 3342 nequit,
1143 3231 1209 3318 cui
1228 3257 1317 3342 non
1337 3249 1554 3341 competat
1572 3228 1740 3341 cleiiio,
1770 3231 1937 3324 cuinam
1953 3221 2057 3344 eoi}

1010 3361 1106 3462 legio
1129 3359 1313 3462 opificum
1335 3359 1369 3436 se
1384 3359 1548 3438 addicere
1567 3361 1673 3438 velit.

1287 3591 1406 3685 §.10

367 3783 373 3794 ·
456 3761 570 3830 Luxus
600 3675 806 3918 Nullum
825 3771 915 3828 certe
936 3753 1045 3830 extitit
1062 3752 1235 3843 soeculum,
1257 3783 1327 3858 quo
1343 3757 1434 3829 omni
1453 3753 1590 3856 prorsus
1608 3773 1682 3830 orte
1696 3751 1889 3832 destitutum
1907 3751 2016 3834 fuerit
2029 3777 2084 3854 got

415 3847 504 3910 trusa
516 3847 587 3924 suit,
724 3871 785 3919 nus
802 3851 1005 3939 humanum
1030 3851 1100 3951 ipso
1116 3857 1205 3927 enim
1221 3853 1388 3930 necellitos
1408 3855 1441 3926 br
1457 3854 1583 3928 utilitas
1598 3877 1639 3925 eo
1655 3854 1767 3949 adegit
1782 3857 1955 3940 homines,
1979 3881 2083 3932 ute:-

415 3947 472 4074 ΞΜ
494 3941 577 4048 ἦῐρθξ
601 3949 803 4042 cogitarent,
829 3971 928 4044 utque
949 3947 1151 4025 fabricarent
1171 3977 1226 4038 ee,
1252 3953 1318 4028 stne
1334 3950 1455 4051 quibus
1471 3955 1538 4025 vira
1553 3953 1750 4024 naturaliter
1763 3955 1838 4026 duci
1853 3979 1920 4026 non
1934 3977 2084 4052 potcrrtc

462 4031 589 4096 ΨΜ
605 4051 697 4120 Hinc
713 4046 998 4121 necterent*
1025 4057 1130 4124 Omnis
1146 4072 1259 4124 natura
1272 4057 1347 4126 vult
1359 4051 1416 4142 effe
1430 4051 1643 4143 conservatrix
1657 4051 1721 4137 (cri,
1739 4072 1776 4123 ut
1797 4056 1832 4128 tt
1849 4055 1946 4145 salve
1962 4057 2021 4144 fit,
2046 4057 2082 4132 Θ

386 4189 388 4194 .
416 4095 587 4262 ἓξὲξ
604 4151 635 4220 in
647 4169 756 4240 genere
774 4146 970 4234 conservetur
982 4148 1059 4242 sero,
1084 4153 1125 4224 cd
1140 4153 1217 4224 benc
1233 4175 1296 4224 rem
1317 4153 1407 4246 aium
1422 4171 1506 4223 artes
1522 4171 1636 4244 quoque
1651 4150 1834 4246 exquifires,
1856 4175 1918 4245 que
1936 4173 2082 4228 naturum

416 4269 535 4330 rentur.
602 4249 802 4340 adjuvarent.

719 4375 884 4475 Equidem
900 4377 983 4451 nulii
1001 4380 1120 4478 primis
1142 4379 1350 4483 temporibus
1372 4403 1466 4478 erent
1479 4375 1649 4481 opifices,
1672 4376 1728 4455 sed
1749 4378 1891 4478 quilibet
1909 4375 2084 4456 fibifrbri·

602 4498 696 4554 cotor
710 4499 771 4559 ec,
797 4500 870 4574 quee
886 4476 927 4550 od
942 4474 1208 4559 sustentationem
1224 4475 1401 4566 ncceffutiu
1416 4503 1530 4572 metit,
1553 4482 1591 4555 in
1606 4475 1703 4558 usum
1715 4473 1852 4560 familie
1862 4481 1895 4559 u
1907 4479 2006 4559 suurn
2021 4477 2082 4556 lrbi

639 4704 663 4774 i
680 4705 792 4792 Line
816 4706 1146 4784 definientem-t
1216 4777 1220 4794 ,
1985 4601 2083 4679 m
