<?xml version="1.0" encoding="UTF-8"?>
<!DOCTYPE html PUBLIC "-//W3C//DTD XHTML 1.0 Transitional//EN"
    "http://www.w3.org/TR/xhtml1/DTD/xhtml1-transitional.dtd">
<html xmlns="http://www.w3.org/1999/xhtml" xml:lang="en" lang="en">
 <head>
  <title>
</title>
<meta http-equiv="Content-Type" content="text/html;charset=utf-8" />
  <meta name='ocr-system' content='tesseract 3.04.00' />
  <meta name='ocr-capabilities' content='ocr_page ocr_carea ocr_par ocr_line ocrx_word'/>
</head>
<body>
  <div class='ocr_page' id='page_1' title='image "./thesavrvsivrise04schmgoog_0100.png"; bbox 0 0 4950 5567; ppageno 0'>
   <div class='ocr_carea' id='block_1_1' title="bbox 475 579 1516 695">
    <p class='ocr_par' dir='ltr' id='par_1_1' title="bbox 475 579 1516 695">
     <span class='ocr_line' id='line_1_1' title="bbox 475 579 1516 695; baseline -0.01 -21"><span class='ocrx_word' id='word_1_1' title='bbox 475 579 547 695; x_wconf 67' lang='lat'>&#39;⁸4</span> <span class='ocrx_word' id='word_1_2' title='bbox 944 583 1516 668; x_wconf 79' lang='lat' dir='ltr'>utssnnrarto</span> 
     </span>
    </p>
   </div>
   <div class='ocr_carea' id='block_1_2' title="bbox 427 760 1945 2590">
    <p class='ocr_par' dir='ltr' id='par_1_2' title="bbox 427 760 1945 2590">
     <span class='ocr_line' id='line_1_2' title="bbox 500 760 1945 861; baseline -0.001 -15"><span class='ocrx_word' id='word_1_3' title='bbox 500 797 576 846; x_wconf 91' lang='lat' dir='ltr'>nem</span> <span class='ocrx_word' id='word_1_4' title='bbox 590 765 862 849; x_wconf 78' lang='lat' dir='ltr'>Ecclesiasticam,</span> <span class='ocrx_word' id='word_1_5' title='bbox 884 763 939 838; x_wconf 82' lang='lat' dir='ltr'>etfi</span> <span class='ocrx_word' id='word_1_6' title='bbox 959 791 1044 838; x_wconf 90' lang='lat' dir='ltr'>anno</span> <span class='ocrx_word' id='word_1_7' title='bbox 1065 773 1166 854; x_wconf 77' lang='lat'>1624.</span> <span class='ocrx_word' id='word_1_8' title='bbox 1192 766 1227 836; x_wconf 91' lang='lat' dir='ltr'>in</span> <span class='ocrx_word' id='word_1_9' title='bbox 1241 765 1312 860; x_wconf 79' lang='lat' dir='ltr'>ejus</span> <span class='ocrx_word' id='word_1_10' title='bbox 1327 763 1519 861; x_wconf 78' lang='lat' dir='ltr'>polleffione</span> <span class='ocrx_word' id='word_1_11' title='bbox 1532 760 1652 846; x_wconf 86' lang='lat' dir='ltr'>suerit,</span> <span class='ocrx_word' id='word_1_12' title='bbox 1666 765 1711 838; x_wconf 86' lang='lat' dir='ltr'>ita</span> <span class='ocrx_word' id='word_1_13' title='bbox 1725 763 1864 842; x_wconf 85' lang='lat' dir='ltr'>ricislim</span> <span class='ocrx_word' id='word_1_14' title='bbox 1876 767 1945 844; x_wconf 86' lang='lat' dir='ltr'>ider</span> 
     </span>
     <span class='ocr_line' id='line_1_3' title="bbox 499 860 1945 943; baseline -0.003 0"><span class='ocrx_word' id='word_1_15' title='bbox 499 869 677 943; x_wconf 92' lang='lat' dir='ltr'>dicendum</span> <span class='ocrx_word' id='word_1_16' title='bbox 699 863 761 937; x_wconf 85' lang='lat' dir='ltr'>elle</span> <span class='ocrx_word' id='word_1_17' title='bbox 782 864 822 934; x_wconf 90' lang='lat' dir='ltr'>de</span> <span class='ocrx_word' id='word_1_18' title='bbox 841 867 989 934; x_wconf 87' lang='lat' dir='ltr'>Domino</span> <span class='ocrx_word' id='word_1_19' title='bbox 1005 863 1177 934; x_wconf 83' lang='lat' dir='ltr'>catholico</span> <span class='ocrx_word' id='word_1_20' title='bbox 1196 866 1326 935; x_wconf 91' lang='lat' dir='ltr'>ratione</span> <span class='ocrx_word' id='word_1_21' title='bbox 1348 862 1553 936; x_wconf 89' lang='lat' dir='ltr'>subditorum</span> <span class='ocrx_word' id='word_1_22' title='bbox 1569 860 1834 938; x_wconf 84' lang='lat' dir='ltr'>Protellantium.</span> <span class='ocrx_word' id='word_1_23' title='bbox 1903 873 1945 938; x_wconf 83' lang='lat' dir='ltr'>N.</span> 
     </span>
     <span class='ocr_line' id='line_1_4' title="bbox 499 958 1945 1058; baseline -0.002 -19"><span class='ocrx_word' id='word_1_24' title='bbox 499 967 611 1039; x_wconf 92' lang='lat' dir='ltr'>denuo</span> <span class='ocrx_word' id='word_1_25' title='bbox 622 963 735 1056; x_wconf 84' lang='lat' dir='ltr'>juvant</span> <span class='ocrx_word' id='word_1_26' title='bbox 751 962 813 1032; x_wconf 88' lang='lat' dir='ltr'>hae</span> <span class='ocrx_word' id='word_1_27' title='bbox 834 963 1043 1054; x_wconf 83' lang='lat' dir='ltr'>exceptiones</span> <span class='ocrx_word' id='word_1_28' title='bbox 1060 969 1264 1048; x_wconf 71' lang='lat' dir='ltr'>Anonymumr</span> <span class='ocrx_word' id='word_1_29' title='bbox 1290 984 1365 1030; x_wconf 90' lang='lat' dir='ltr'>nam</span> <span class='ocrx_word' id='word_1_30' title='bbox 1388 961 1428 1030; x_wconf 89' lang='lat' dir='ltr'>ad</span> <span class='ocrx_word' id='word_1_31' title='bbox 1452 964 1489 1050; x_wconf 87' lang='lat' dir='ltr'>r)</span> <span class='ocrx_word' id='word_1_32' title='bbox 1503 985 1601 1029; x_wconf 90' lang='lat' dir='ltr'>eccur</span> <span class='ocrx_word' id='word_1_33' title='bbox 1620 981 1712 1030; x_wconf 88' lang='lat' dir='ltr'>tanto</span> <span class='ocrx_word' id='word_1_34' title='bbox 1729 958 1838 1033; x_wconf 86' lang='lat' dir='ltr'>sludio</span> <span class='ocrx_word' id='word_1_35' title='bbox 1854 961 1945 1058; x_wconf 87' lang='lat' dir='ltr'>pallis</span> 
     </span>
     <span class='ocr_line' id='line_1_5' title="bbox 497 1052 1945 1150; baseline -0.001 -14"><span class='ocrx_word' id='word_1_36' title='bbox 497 1059 718 1136; x_wconf 84' lang='lat' dir='ltr'>Protellantea</span> <span class='ocrx_word' id='word_1_37' title='bbox 733 1080 832 1149; x_wconf 87' lang='lat' dir='ltr'>quam</span> <span class='ocrx_word' id='word_1_38' title='bbox 845 1059 985 1126; x_wconf 83' lang='lat' dir='ltr'>maxime</span> <span class='ocrx_word' id='word_1_39' title='bbox 999 1059 1081 1126; x_wconf 87' lang='lat' dir='ltr'>hanc</span> <span class='ocrx_word' id='word_1_40' title='bbox 1095 1052 1327 1150; x_wconf 85' lang='lat' dir='ltr'>aequalitatem</span> <span class='ocrx_word' id='word_1_41' title='bbox 1337 1056 1377 1126; x_wconf 88' lang='lat' dir='ltr'>ad</span> <span class='ocrx_word' id='word_1_42' title='bbox 1390 1081 1443 1128; x_wconf 87' lang='lat' dir='ltr'>res</span> <span class='ocrx_word' id='word_1_43' title='bbox 1452 1057 1637 1146; x_wconf 87' lang='lat' dir='ltr'>Religionis</span> <span class='ocrx_word' id='word_1_44' title='bbox 1652 1059 1843 1140; x_wconf 79' lang='lat' dir='ltr'>extendunt,</span> <span class='ocrx_word' id='word_1_45' title='bbox 1859 1083 1945 1134; x_wconf 80' lang='lat' dir='ltr'>exem</span> 
     </span>
     <span class='ocr_line' id='line_1_6' title="bbox 498 1150 1945 1258; baseline 0.001 -32"><span class='ocrx_word' id='word_1_46' title='bbox 498 1161 558 1258; x_wconf 87' lang='lat' dir='ltr'>plo</span> <span class='ocrx_word' id='word_1_47' title='bbox 582 1157 670 1251; x_wconf 79' lang='lat' dir='ltr'>ipfius</span> <span class='ocrx_word' id='word_1_48' title='bbox 697 1161 832 1246; x_wconf 80' lang='lat' dir='ltr'>carparis</span> <span class='ocrx_word' id='word_1_49' title='bbox 858 1157 1131 1244; x_wconf 76' lang='lat' dir='ltr'>Evangeliceram,</span> <span class='ocrx_word' id='word_1_50' title='bbox 1168 1150 1319 1222; x_wconf 85' lang='lat' dir='ltr'>videatur</span> <span class='ocrx_word' id='word_1_51' title='bbox 1350 1157 1638 1224; x_wconf 73' lang='lat' dir='ltr'>Scflaustortt</span> <span class='ocrx_word' id='word_1_52' title='bbox 1669 1161 1754 1225; x_wconf 77' lang='lat' dir='ltr'>Tam.</span> <span class='ocrx_word' id='word_1_53' title='bbox 1776 1183 1805 1227; x_wconf 86' lang='lat' dir='ltr'>r.</span> <span class='ocrx_word' id='word_1_54' title='bbox 1833 1177 1866 1250; x_wconf 80' lang='lat' dir='ltr'>p.</span> <span class='ocrx_word' id='word_1_55' title='bbox 1884 1177 1945 1242; x_wconf 75' lang='lat' dir='ltr'>m</span> 
     </span>
     <span class='ocr_line' id='line_1_7' title="bbox 499 1251 1945 1346; baseline 0.002 -25"><span class='ocrx_word' id='word_1_56' title='bbox 499 1275 582 1339; x_wconf 80' lang='lat'><em>289·</em></span> <span class='ocrx_word' id='word_1_57' title='bbox 609 1277 692 1334; x_wconf 75' lang='lat'>²90·</span> <span class='ocrx_word' id='word_1_58' title='bbox 720 1275 799 1328; x_wconf 86' lang='lat'><em>710.</em></span> <span class='ocrx_word' id='word_1_59' title='bbox 855 1251 998 1320; x_wconf 78' lang='lat' dir='ltr'>Fnutt</span> <span class='ocrx_word' id='word_1_60' title='bbox 1023 1255 1144 1317; x_wconf 76' lang='lat' dir='ltr'>staats·</span> <span class='ocrx_word' id='word_1_61' title='bbox 1161 1253 1289 1338; x_wconf 76' lang='lat' dir='ltr'>Canzley</span> <span class='ocrx_word' id='word_1_62' title='bbox 1316 1255 1399 1320; x_wconf 76' lang='lat' dir='ltr'>Yam.</span> <span class='ocrx_word' id='word_1_63' title='bbox 1422 1276 1434 1318; x_wconf 90' lang='lat' dir='ltr'>r</span> <span class='ocrx_word' id='word_1_64' title='bbox 1442 1273 1474 1334; x_wconf 87' lang='lat'>3.</span> <span class='ocrx_word' id='word_1_65' title='bbox 1496 1271 1528 1341; x_wconf 78' lang='lat' dir='ltr'>p.</span> <span class='ocrx_word' id='word_1_66' title='bbox 1544 1273 1626 1330; x_wconf 78' lang='lat'><em>524.</em></span> <span class='ocrx_word' id='word_1_67' title='bbox 1658 1253 1945 1346; x_wconf 68' lang='lat' dir='ltr'>T0221.2a.p.152</span> 
     </span>
     <span class='ocr_line' id='line_1_8' title="bbox 497 1343 1945 1438; baseline -0.006 -12"><span class='ocrx_word' id='word_1_68' title='bbox 497 1355 748 1426; x_wconf 83' lang='lat' dir='ltr'>Danucrro</span> <span class='ocrx_word' id='word_1_69' title='bbox 774 1362 978 1416; x_wconf 64' lang='lat' dir='ltr'>russata</span> <span class='ocrx_word' id='word_1_70' title='bbox 1010 1347 1048 1412; x_wconf 83' lang='lat' dir='ltr'>L.</span> <span class='ocrx_word' id='word_1_71' title='bbox 1065 1345 1103 1410; x_wconf 80' lang='lat' dir='ltr'>B:</span> <span class='ocrx_word' id='word_1_72' title='bbox 1125 1361 1175 1412; x_wconf 83' lang='lat' dir='ltr'>ne</span> <span class='ocrx_word' id='word_1_73' title='bbox 1201 1346 1395 1416; x_wconf 75' lang='lat' dir='ltr'>canusa</span> <span class='ocrx_word' id='word_1_74' title='bbox 1420 1349 1500 1414; x_wconf 74' lang='lat' dir='ltr'>boris</span> <span class='ocrx_word' id='word_1_75' title='bbox 1522 1343 1684 1432; x_wconf 71' lang='lat' dir='ltr'>fitbsecrvls</span> <span class='ocrx_word' id='word_1_76' title='bbox 1702 1349 1945 1438; x_wconf 73' lang='lat' dir='ltr'>Wetlarteufiba</span> 
     </span>
     <span class='ocr_line' id='line_1_9' title="bbox 501 1438 1945 1534; baseline 0.005 -23"><span class='ocrx_word' id='word_1_77' title='bbox 501 1467 561 1534; x_wconf 70' lang='grc' dir='ltr'>ῃ..</span> <span class='ocrx_word' id='word_1_78' title='bbox 579 1447 676 1516; x_wconf 82' lang='lat' dir='ltr'>Tleil.</span> <span class='ocrx_word' id='word_1_79' title='bbox 705 1459 735 1518; x_wconf 83' lang='lat'>8.</span> <span class='ocrx_word' id='word_1_80' title='bbox 750 1442 905 1510; x_wconf 78' lang='lat' dir='ltr'>Albandl.</span> <span class='ocrx_word' id='word_1_81' title='bbox 931 1438 1083 1534; x_wconf 89' lang='lat' dir='ltr'>pluribus</span> <span class='ocrx_word' id='word_1_82' title='bbox 1111 1441 1145 1508; x_wconf 93' lang='lat' dir='ltr'>in</span> <span class='ocrx_word' id='word_1_83' title='bbox 1174 1438 1254 1507; x_wconf 89' lang='lat' dir='ltr'>lotis</span> <span class='ocrx_word' id='word_1_84' title='bbox 1280 1443 1459 1532; x_wconf 72' lang='lat' dir='ltr'>praecipue</span> <span class='ocrx_word' id='word_1_85' title='bbox 1485 1443 1513 1526; x_wconf 66' lang='lat' dir='ltr'>b.</span> <span class='ocrx_word' id='word_1_86' title='bbox 1538 1466 1594 1530; x_wconf 84' lang='lat'>3¹·</span> <span class='ocrx_word' id='word_1_87' title='bbox 1645 1443 1822 1514; x_wconf 72' lang='lat' dir='ltr'>Caeterum</span> <span class='ocrx_word' id='word_1_88' title='bbox 1847 1445 1945 1518; x_wconf 84' lang='lat' dir='ltr'>eodet</span> 
     </span>
     <span class='ocr_line' id='line_1_10' title="bbox 499 1531 1945 1630; baseline -0.002 -15"><span class='ocrx_word' id='word_1_89' title='bbox 499 1567 576 1619; x_wconf 90' lang='lat' dir='ltr'>cum</span> <span class='ocrx_word' id='word_1_90' title='bbox 594 1547 748 1628; x_wconf 75' lang='lat' dir='ltr'>Anonyme</span> <span class='ocrx_word' id='word_1_91' title='bbox 763 1535 865 1608; x_wconf 91' lang='lat' dir='ltr'>modo</span> <span class='ocrx_word' id='word_1_92' title='bbox 881 1531 988 1608; x_wconf 84' lang='lat' dir='ltr'>ferme</span> <span class='ocrx_word' id='word_1_93' title='bbox 1009 1535 1091 1604; x_wconf 86' lang='lat' dir='ltr'>bane</span> <span class='ocrx_word' id='word_1_94' title='bbox 1115 1535 1346 1629; x_wconf 84' lang='lat' dir='ltr'>aequalitatem</span> <span class='ocrx_word' id='word_1_95' title='bbox 1361 1539 1600 1630; x_wconf 87' lang='lat' dir='ltr'>interpretatur</span> <span class='ocrx_word' id='word_1_96' title='bbox 1618 1533 1747 1608; x_wconf 68' lang='lat' dir='ltr'>Auster</span> <span class='ocrx_word' id='word_1_97' title='bbox 1765 1544 1854 1610; x_wconf 76' lang='lat' dir='ltr'>darer</span> <span class='ocrx_word' id='word_1_98' title='bbox 1866 1547 1945 1614; x_wconf 83' lang='lat' dir='ltr'>Krir.</span> 
     </span>
     <span class='ocr_line' id='line_1_11' title="bbox 498 1628 1945 1734; baseline 0.001 -24"><span class='ocrx_word' id='word_1_99' title='bbox 498 1637 586 1732; x_wconf 75' lang='lat' dir='ltr'>[ebra</span> <span class='ocrx_word' id='word_1_100' title='bbox 603 1637 951 1726; x_wconf 78' lang='lat' dir='ltr'>Staarsletraabtangea.</span> <span class='ocrx_word' id='word_1_101' title='bbox 981 1660 1008 1702; x_wconf 88' lang='lat' dir='ltr'>r.</span> <span class='ocrx_word' id='word_1_102' title='bbox 1027 1635 1124 1702; x_wconf 75' lang='lat' dir='ltr'>Tlreil.</span> <span class='ocrx_word' id='word_1_103' title='bbox 1157 1659 1187 1704; x_wconf 78' lang='grc' dir='ltr'>ι.</span> <span class='ocrx_word' id='word_1_104' title='bbox 1203 1636 1307 1714; x_wconf 66' lang='lat' dir='ltr'>stati.</span> <span class='ocrx_word' id='word_1_105' title='bbox 1354 1633 1409 1704; x_wconf 80' lang='lat' dir='ltr'>nd</span> <span class='ocrx_word' id='word_1_106' title='bbox 1434 1635 1473 1722; x_wconf 80' lang='lat' dir='ltr'>a)</span> <span class='ocrx_word' id='word_1_107' title='bbox 1498 1636 1614 1703; x_wconf 90' lang='lat' dir='ltr'>Nemo</span> <span class='ocrx_word' id='word_1_108' title='bbox 1636 1628 1729 1702; x_wconf 88' lang='lat' dir='ltr'>sanus</span> <span class='ocrx_word' id='word_1_109' title='bbox 1746 1635 1830 1706; x_wconf 88' lang='lat' dir='ltr'>hane</span> <span class='ocrx_word' id='word_1_110' title='bbox 1849 1661 1945 1734; x_wconf 87' lang='lat' dir='ltr'>aequt</span> 
     </span>
     <span class='ocr_line' id='line_1_12' title="bbox 427 1726 1945 1828; baseline -0.007 -12"><span class='ocrx_word' id='word_1_111' title='bbox 427 1803 434 1816; x_wconf 95' lang='lat'><strong><em>.</em></strong></span> <span class='ocrx_word' id='word_1_112' title='bbox 500 1737 629 1809; x_wconf 88' lang='lat' dir='ltr'>litatem</span> <span class='ocrx_word' id='word_1_113' title='bbox 653 1732 693 1801; x_wconf 82' lang='lat' dir='ltr'>ed</span> <span class='ocrx_word' id='word_1_114' title='bbox 715 1753 847 1800; x_wconf 90' lang='lat' dir='ltr'>omnem</span> <span class='ocrx_word' id='word_1_115' title='bbox 874 1733 1021 1821; x_wconf 89' lang='lat' dir='ltr'>rigorem</span> <span class='ocrx_word' id='word_1_116' title='bbox 1044 1749 1142 1822; x_wconf 89' lang='lat' dir='ltr'>atque</span> <span class='ocrx_word' id='word_1_117' title='bbox 1169 1728 1297 1822; x_wconf 78' lang='lat' dir='ltr'>apicem</span> <span class='ocrx_word' id='word_1_118' title='bbox 1321 1730 1453 1819; x_wconf 80' lang='lat' dir='ltr'>exigere</span> <span class='ocrx_word' id='word_1_119' title='bbox 1478 1727 1583 1806; x_wconf 79' lang='lat' dir='ltr'>solet,</span> <span class='ocrx_word' id='word_1_120' title='bbox 1610 1727 1668 1798; x_wconf 85' lang='lat' dir='ltr'>nist</span> <span class='ocrx_word' id='word_1_121' title='bbox 1697 1726 1844 1826; x_wconf 76' lang='lat' dir='ltr'>sequelae</span> <span class='ocrx_word' id='word_1_122' title='bbox 1868 1727 1945 1828; x_wconf 84' lang='lat' dir='ltr'>plain</span> 
     </span>
     <span class='ocr_line' id='line_1_13' title="bbox 501 1823 1945 1920; baseline -0.001 -15"><span class='ocrx_word' id='word_1_123' title='bbox 501 1827 657 1904; x_wconf 85' lang='lat' dir='ltr'>absurdas</span> <span class='ocrx_word' id='word_1_124' title='bbox 681 1823 815 1920; x_wconf 90' lang='lat' dir='ltr'>risuque</span> <span class='ocrx_word' id='word_1_125' title='bbox 846 1823 1065 1920; x_wconf 87' lang='lat' dir='ltr'>explodendas</span> <span class='ocrx_word' id='word_1_126' title='bbox 1095 1825 1217 1912; x_wconf 86' lang='lat' dir='ltr'>cogitet</span> <span class='ocrx_word' id='word_1_127' title='bbox 1245 1823 1437 1905; x_wconf 75' lang='lat' dir='ltr'>admittere,</span> <span class='ocrx_word' id='word_1_128' title='bbox 1462 1823 1553 1918; x_wconf 88' lang='lat' dir='ltr'>qnod</span> <span class='ocrx_word' id='word_1_129' title='bbox 1577 1823 1600 1893; x_wconf 86' lang='lat' dir='ltr'>l.</span> <span class='ocrx_word' id='word_1_130' title='bbox 1622 1826 1677 1894; x_wconf 90' lang='lat' dir='ltr'>cit.</span> <span class='ocrx_word' id='word_1_131' title='bbox 1693 1829 1945 1916; x_wconf 78' lang='lat' dir='ltr'>dererKritrlclte</span> 
     </span>
     <span class='ocr_line' id='line_1_14' title="bbox 501 1914 1945 2021; baseline -0.001 -21"><span class='ocrx_word' id='word_1_132' title='bbox 501 1929 747 2015; x_wconf 80' lang='lat' dir='ltr'>Betratlrtangen</span> <span class='ocrx_word' id='word_1_133' title='bbox 761 1923 828 2014; x_wconf 82' lang='lat' dir='ltr'>jam</span> <span class='ocrx_word' id='word_1_134' title='bbox 843 1917 1052 1992; x_wconf 85' lang='lat' dir='ltr'>observatum</span> <span class='ocrx_word' id='word_1_135' title='bbox 1075 1914 1158 2002; x_wconf 77' lang='lat' dir='ltr'>fuit,</span> <span class='ocrx_word' id='word_1_136' title='bbox 1186 1917 1365 1990; x_wconf 87' lang='lat' dir='ltr'>admodum</span> <span class='ocrx_word' id='word_1_137' title='bbox 1388 1943 1497 1991; x_wconf 84' lang='lat' dir='ltr'>autern</span> <span class='ocrx_word' id='word_1_138' title='bbox 1520 1916 1648 1990; x_wconf 87' lang='lat' dir='ltr'>fallitur</span> <span class='ocrx_word' id='word_1_139' title='bbox 1662 1929 1854 2012; x_wconf 73' lang='lat' dir='ltr'>Anonynrus,</span> <span class='ocrx_word' id='word_1_140' title='bbox 1877 1925 1945 2021; x_wconf 83' lang='lat' dir='ltr'>lijt</span> 
     </span>
     <span class='ocr_line' id='line_1_15' title="bbox 500 2014 1945 2120; baseline 0 -25"><span class='ocrx_word' id='word_1_141' title='bbox 500 2019 730 2102; x_wconf 70' lang='lat' dir='ltr'>risdiblibnem</span> <span class='ocrx_word' id='word_1_142' title='bbox 752 2018 842 2087; x_wconf 89' lang='lat' dir='ltr'>illam</span> <span class='ocrx_word' id='word_1_143' title='bbox 860 2014 1131 2099; x_wconf 85' lang='lat' dir='ltr'>Ecclestallieam,</span> <span class='ocrx_word' id='word_1_144' title='bbox 1156 2038 1256 2120; x_wconf 88' lang='lat' dir='ltr'>quum</span> <span class='ocrx_word' id='word_1_145' title='bbox 1270 2020 1426 2089; x_wconf 85' lang='lat' dir='ltr'>Dominis</span> <span class='ocrx_word' id='word_1_146' title='bbox 1443 2015 1624 2086; x_wconf 86' lang='lat' dir='ltr'>Catholicis</span> <span class='ocrx_word' id='word_1_147' title='bbox 1641 2017 1837 2100; x_wconf 87' lang='lat' dir='ltr'>tribuimus,</span> <span class='ocrx_word' id='word_1_148' title='bbox 1864 2021 1945 2094; x_wconf 85' lang='lat' dir='ltr'>exist</span> 
     </span>
     <span class='ocr_line' id='line_1_16' title="bbox 501 2107 1945 2214; baseline 0.001 -24"><span class='ocrx_word' id='word_1_149' title='bbox 501 2142 573 2194; x_wconf 83' lang='lat' dir='ltr'>anet</span> <span class='ocrx_word' id='word_1_150' title='bbox 589 2115 763 2214; x_wconf 89' lang='lat' dir='ltr'>principiis</span> <span class='ocrx_word' id='word_1_151' title='bbox 779 2113 962 2204; x_wconf 84' lang='lat' dir='ltr'>Religionis</span> <span class='ocrx_word' id='word_1_152' title='bbox 976 2109 1104 2183; x_wconf 88' lang='lat' dir='ltr'>nostrae</span> <span class='ocrx_word' id='word_1_153' title='bbox 1118 2107 1269 2193; x_wconf 82' lang='lat' dir='ltr'>ollreere,</span> <span class='ocrx_word' id='word_1_154' title='bbox 1293 2115 1384 2206; x_wconf 92' lang='lat' dir='ltr'>quod</span> <span class='ocrx_word' id='word_1_155' title='bbox 1397 2116 1430 2183; x_wconf 91' lang='lat' dir='ltr'>in</span> <span class='ocrx_word' id='word_1_156' title='bbox 1444 2111 1529 2207; x_wconf 88' lang='lat' dir='ltr'>ipsa,</span> <span class='ocrx_word' id='word_1_157' title='bbox 1550 2138 1650 2207; x_wconf 86' lang='lat' dir='ltr'>quant</span> <span class='ocrx_word' id='word_1_158' title='bbox 1666 2115 1945 2193; x_wconf 86' lang='lat' dir='ltr'>conaturrefellet</span> 
     </span>
     <span class='ocr_line' id='line_1_17' title="bbox 501 2205 1945 2306; baseline -0.001 -17"><span class='ocrx_word' id='word_1_159' title='bbox 501 2211 736 2290; x_wconf 78' lang='lat' dir='ltr'>Dissertatione</span> <span class='ocrx_word' id='word_1_160' title='bbox 756 2209 823 2302; x_wconf 86' lang='lat' dir='ltr'>jam</span> <span class='ocrx_word' id='word_1_161' title='bbox 845 2206 1007 2280; x_wconf 86' lang='lat' dir='ltr'>ostensum</span> <span class='ocrx_word' id='word_1_162' title='bbox 1024 2205 1099 2281; x_wconf 88' lang='lat' dir='ltr'>fuit.</span> <span class='ocrx_word' id='word_1_163' title='bbox 1149 2205 1202 2277; x_wconf 84' lang='lat' dir='ltr'>Ad</span> <span class='ocrx_word' id='word_1_164' title='bbox 1231 2209 1274 2302; x_wconf 88' lang='lat'>3)</span> <span class='ocrx_word' id='word_1_165' title='bbox 1299 2216 1425 2282; x_wconf 90' lang='lat' dir='ltr'>Verum</span> <span class='ocrx_word' id='word_1_166' title='bbox 1448 2211 1583 2278; x_wconf 92' lang='lat' dir='ltr'>omnino</span> <span class='ocrx_word' id='word_1_167' title='bbox 1603 2207 1666 2291; x_wconf 86' lang='lat' dir='ltr'>esl,</span> <span class='ocrx_word' id='word_1_168' title='bbox 1693 2213 1782 2306; x_wconf 92' lang='lat' dir='ltr'>quod</span> <span class='ocrx_word' id='word_1_169' title='bbox 1807 2213 1864 2286; x_wconf 91' lang='lat' dir='ltr'>hic</span> <span class='ocrx_word' id='word_1_170' title='bbox 1888 2215 1945 2290; x_wconf 92' lang='lat' dir='ltr'>die.</span> 
     </span>
     <span class='ocr_line' id='line_1_18' title="bbox 500 2299 1945 2402; baseline 0.002 -20"><span class='ocrx_word' id='word_1_171' title='bbox 500 2321 692 2402; x_wconf 77' lang='lat' dir='ltr'>Anonymes,</span> <span class='ocrx_word' id='word_1_172' title='bbox 717 2329 827 2399; x_wconf 92' lang='lat' dir='ltr'>neque</span> <span class='ocrx_word' id='word_1_173' title='bbox 850 2306 946 2376; x_wconf 81' lang='lat' dir='ltr'>aliter</span> <span class='ocrx_word' id='word_1_174' title='bbox 970 2328 1043 2376; x_wconf 91' lang='lat' dir='ltr'>eam</span> <span class='ocrx_word' id='word_1_175' title='bbox 1060 2299 1328 2397; x_wconf 76' lang='lat' dir='ltr'>jurisdislionem</span> <span class='ocrx_word' id='word_1_176' title='bbox 1354 2309 1499 2376; x_wconf 84' lang='lat' dir='ltr'>exerceri</span> <span class='ocrx_word' id='word_1_177' title='bbox 1517 2301 1625 2399; x_wconf 87' lang='lat' dir='ltr'>polle,</span> <span class='ocrx_word' id='word_1_178' title='bbox 1651 2331 1749 2402; x_wconf 88' lang='lat' dir='ltr'>quam</span> <span class='ocrx_word' id='word_1_179' title='bbox 1766 2333 1803 2380; x_wconf 91' lang='lat' dir='ltr'>ut</span> <span class='ocrx_word' id='word_1_180' title='bbox 1824 2336 1867 2384; x_wconf 88' lang='lat' dir='ltr'>ne</span> <span class='ocrx_word' id='word_1_181' title='bbox 1885 2336 1945 2384; x_wconf 90' lang='lat' dir='ltr'>con</span> 
     </span>
     <span class='ocr_line' id='line_1_19' title="bbox 500 2395 1945 2502; baseline 0 -20"><span class='ocrx_word' id='word_1_182' title='bbox 500 2406 656 2482; x_wconf 78' lang='lat' dir='ltr'>scientiae</span> <span class='ocrx_word' id='word_1_183' title='bbox 669 2405 719 2473; x_wconf 81' lang='lat' dir='ltr'>eis</span> <span class='ocrx_word' id='word_1_184' title='bbox 735 2399 806 2483; x_wconf 86' lang='lat' dir='ltr'>fiat,</span> <span class='ocrx_word' id='word_1_185' title='bbox 834 2401 1025 2476; x_wconf 83' lang='lat' dir='ltr'>catholicus</span> <span class='ocrx_word' id='word_1_186' title='bbox 1039 2400 1175 2498; x_wconf 85' lang='lat' dir='ltr'>quidam</span> <span class='ocrx_word' id='word_1_187' title='bbox 1190 2395 1324 2492; x_wconf 75' lang='lat' dir='ltr'>asseret,</span> <span class='ocrx_word' id='word_1_188' title='bbox 1346 2403 1395 2476; x_wconf 90' lang='lat' dir='ltr'>nil</span> <span class='ocrx_word' id='word_1_189' title='bbox 1410 2425 1518 2474; x_wconf 85' lang='lat' dir='ltr'>tamen</span> <span class='ocrx_word' id='word_1_190' title='bbox 1532 2425 1570 2475; x_wconf 78' lang='lat' dir='ltr'>es</span> <span class='ocrx_word' id='word_1_191' title='bbox 1584 2401 1649 2476; x_wconf 86' lang='lat' dir='ltr'>lt&#39;oc</span> <span class='ocrx_word' id='word_1_192' title='bbox 1664 2403 1705 2477; x_wconf 87' lang='lat' dir='ltr'>ad</span> <span class='ocrx_word' id='word_1_193' title='bbox 1720 2399 1861 2502; x_wconf 88' lang='lat' dir='ltr'>scopum</span> <span class='ocrx_word' id='word_1_194' title='bbox 1871 2405 1945 2482; x_wconf 88' lang='lat' dir='ltr'>suut</span> 
     </span>
     <span class='ocr_line' id='line_1_20' title="bbox 500 2499 857 2590; baseline -0.02 -9"><span class='ocrx_word' id='word_1_195' title='bbox 500 2499 660 2581; x_wconf 85' lang='lat' dir='ltr'>extundet</span> <span class='ocrx_word' id='word_1_196' title='bbox 673 2505 857 2590; x_wconf 72' lang='lat' dir='ltr'>Anamares.</span> 
     </span>
    </p>
   </div>
   <div class='ocr_carea' id='block_1_3' title="bbox 488 2688 1946 4629">
    <p class='ocr_par' dir='ltr' id='par_1_3' title="bbox 488 2688 1945 4147">
     <span class='ocr_line' id='line_1_21' title="bbox 619 2688 1945 2792; baseline 0 -21"><span class='ocrx_word' id='word_1_197' title='bbox 619 2697 673 2771; x_wconf 79' lang='lat' dir='ltr'>Ad</span> <span class='ocrx_word' id='word_1_198' title='bbox 692 2714 925 2789; x_wconf 85' lang='lat' dir='ltr'>argumentum</span> <span class='ocrx_word' id='word_1_199' title='bbox 946 2695 1098 2776; x_wconf 91' lang='lat' dir='ltr'>tertium,</span> <span class='ocrx_word' id='word_1_200' title='bbox 1124 2691 1213 2792; x_wconf 88' lang='lat' dir='ltr'>quod</span> <span class='ocrx_word' id='word_1_201' title='bbox 1241 2688 1342 2764; x_wconf 85' lang='lat' dir='ltr'>divisa</span> <span class='ocrx_word' id='word_1_202' title='bbox 1363 2693 1441 2764; x_wconf 90' lang='lat' dir='ltr'>alias</span> <span class='ocrx_word' id='word_1_203' title='bbox 1464 2695 1551 2766; x_wconf 89' lang='lat' dir='ltr'>inter</span> <span class='ocrx_word' id='word_1_204' title='bbox 1572 2697 1754 2768; x_wconf 88' lang='lat' dir='ltr'>Dominum</span> <span class='ocrx_word' id='word_1_205' title='bbox 1770 2719 1803 2768; x_wconf 90' lang='lat' dir='ltr'>et</span> <span class='ocrx_word' id='word_1_206' title='bbox 1817 2691 1945 2776; x_wconf 89' lang='lat' dir='ltr'>subdito</span> 
     </span>
     <span class='ocr_line' id='line_1_22' title="bbox 500 2788 1945 2888; baseline 0.001 -19"><span class='ocrx_word' id='word_1_207' title='bbox 500 2793 593 2874; x_wconf 75' lang='lat' dir='ltr'>foret</span> <span class='ocrx_word' id='word_1_208' title='bbox 615 2790 804 2888; x_wconf 77' lang='lat' dir='ltr'>jurisdtttio</span> <span class='ocrx_word' id='word_1_209' title='bbox 828 2811 861 2859; x_wconf 90' lang='lat' dir='ltr'>et</span> <span class='ocrx_word' id='word_1_210' title='bbox 887 2788 1100 2882; x_wconf 87' lang='lat' dir='ltr'>superioritas</span> <span class='ocrx_word' id='word_1_211' title='bbox 1124 2791 1335 2863; x_wconf 88' lang='lat' dir='ltr'>territorialis</span> <span class='ocrx_word' id='word_1_212' title='bbox 1357 2796 1489 2886; x_wconf 87' lang='lat' dir='ltr'>reponit</span> <span class='ocrx_word' id='word_1_213' title='bbox 1503 2801 1675 2880; x_wconf 76' lang='lat' dir='ltr'>Anrrqmus</span> <span class='ocrx_word' id='word_1_214' title='bbox 1700 2795 1736 2886; x_wconf 90' lang='grc' dir='ltr'>ι)</span> <span class='ocrx_word' id='word_1_215' title='bbox 1753 2794 1787 2865; x_wconf 93' lang='lat' dir='ltr'>id</span> <span class='ocrx_word' id='word_1_216' title='bbox 1809 2795 1945 2872; x_wconf 80' lang='lat' dir='ltr'>adverse</span> 
     </span>
     <span class='ocr_line' id='line_1_23' title="bbox 499 2885 1945 2984; baseline 0.007 -26"><span class='ocrx_word' id='word_1_217' title='bbox 499 2891 666 2968; x_wconf 89' lang='lat' dir='ltr'>Dominoa</span> <span class='ocrx_word' id='word_1_218' title='bbox 682 2885 873 2958; x_wconf 82' lang='lat' dir='ltr'>catholicos</span> <span class='ocrx_word' id='word_1_219' title='bbox 892 2885 1117 2977; x_wconf 89' lang='lat' dir='ltr'>multomagis</span> <span class='ocrx_word' id='word_1_220' title='bbox 1135 2887 1244 2958; x_wconf 83' lang='lat' dir='ltr'>locum</span> <span class='ocrx_word' id='word_1_221' title='bbox 1263 2885 1401 2966; x_wconf 87' lang='lat' dir='ltr'>habere,</span> <span class='ocrx_word' id='word_1_222' title='bbox 1427 2890 1553 2983; x_wconf 80' lang='lat' dir='ltr'>quippe</span> <span class='ocrx_word' id='word_1_223' title='bbox 1573 2892 1606 2957; x_wconf 85' lang='lat' dir='ltr'>iu</span> <span class='ocrx_word' id='word_1_224' title='bbox 1623 2914 1766 2984; x_wconf 88' lang='lat' dir='ltr'>quorum</span> <span class='ocrx_word' id='word_1_225' title='bbox 1783 2893 1945 2968; x_wconf 86' lang='lat' dir='ltr'>territorii</span> 
     </span>
     <span class='ocr_line' id='line_1_24' title="bbox 500 2977 1945 3080; baseline 0.003 -22"><span class='ocrx_word' id='word_1_226' title='bbox 500 2990 538 3062; x_wconf 90' lang='lat' dir='ltr'>in</span> <span class='ocrx_word' id='word_1_227' title='bbox 559 2981 708 3080; x_wconf 89' lang='lat' dir='ltr'>ipsorum</span> <span class='ocrx_word' id='word_1_228' title='bbox 727 2977 873 3051; x_wconf 87' lang='lat' dir='ltr'>subditos</span> <span class='ocrx_word' id='word_1_229' title='bbox 900 2982 1090 3052; x_wconf 89' lang='lat' dir='ltr'>Catholicos</span> <span class='ocrx_word' id='word_1_230' title='bbox 1115 2982 1200 3054; x_wconf 90' lang='lat' dir='ltr'>solus</span> <span class='ocrx_word' id='word_1_231' title='bbox 1224 2979 1405 3078; x_wconf 83' lang='lat' dir='ltr'>Episcopus</span> <span class='ocrx_word' id='word_1_232' title='bbox 1424 2981 1691 3077; x_wconf 75' lang='lat' dir='ltr'>jurisdiilionem</span> <span class='ocrx_word' id='word_1_233' title='bbox 1712 2985 1945 3062; x_wconf 79' lang='lat' dir='ltr'>Ecclesiasticus</span> 
     </span>
     <span class='ocr_line' id='line_1_25' title="bbox 501 3073 1944 3180; baseline 0.004 -25"><span class='ocrx_word' id='word_1_234' title='bbox 501 3101 653 3156; x_wconf 86' lang='lat' dir='ltr'>exerceat</span> <span class='ocrx_word' id='word_1_235' title='bbox 681 3081 718 3168; x_wconf 86' lang='lat'>2)</span> <span class='ocrx_word' id='word_1_236' title='bbox 744 3101 810 3148; x_wconf 89' lang='lat' dir='ltr'>non</span> <span class='ocrx_word' id='word_1_237' title='bbox 829 3073 864 3146; x_wconf 93' lang='lat' dir='ltr'>id</span> <span class='ocrx_word' id='word_1_238' title='bbox 885 3101 902 3146; x_wconf 85' lang='lat' dir='ltr'>a</span> <span class='ocrx_word' id='word_1_239' title='bbox 919 3074 950 3146; x_wconf 91' lang='lat' dir='ltr'>se</span> <span class='ocrx_word' id='word_1_240' title='bbox 966 3073 1097 3148; x_wconf 90' lang='lat' dir='ltr'>defendi</span> <span class='ocrx_word' id='word_1_241' title='bbox 1114 3085 1262 3151; x_wconf 88' lang='lat' dir='ltr'>Domino</span> <span class='ocrx_word' id='word_1_242' title='bbox 1276 3079 1449 3150; x_wconf 85' lang='lat' dir='ltr'>Catholico</span> <span class='ocrx_word' id='word_1_243' title='bbox 1464 3082 1588 3151; x_wconf 89' lang='lat' dir='ltr'>nullam</span> <span class='ocrx_word' id='word_1_244' title='bbox 1609 3083 1705 3175; x_wconf 89' lang='lat' dir='ltr'>plane</span> <span class='ocrx_word' id='word_1_245' title='bbox 1722 3091 1944 3180; x_wconf 89' lang='lat' dir='ltr'>compererei</span> 
     </span>
     <span class='ocr_line' id='line_1_26' title="bbox 501 3169 1945 3275; baseline 0.003 -22"><span class='ocrx_word' id='word_1_246' title='bbox 501 3178 651 3253; x_wconf 89' lang='lat' dir='ltr'>subditos</span> <span class='ocrx_word' id='word_1_247' title='bbox 668 3172 886 3246; x_wconf 83' lang='lat' dir='ltr'>Protestatttes</span> <span class='ocrx_word' id='word_1_248' title='bbox 904 3171 1171 3267; x_wconf 73' lang='lat' dir='ltr'>jurisdislionem</span> <span class='ocrx_word' id='word_1_249' title='bbox 1195 3172 1468 3248; x_wconf 79' lang='lat' dir='ltr'>Ecclesiasttcam:</span> <span class='ocrx_word' id='word_1_250' title='bbox 1502 3178 1536 3247; x_wconf 93' lang='lat' dir='ltr'>id</span> <span class='ocrx_word' id='word_1_251' title='bbox 1562 3177 1667 3248; x_wconf 89' lang='lat' dir='ltr'>solum</span> <span class='ocrx_word' id='word_1_252' title='bbox 1686 3175 1778 3250; x_wconf 83' lang='lat' dir='ltr'>all&#39;cri</span> <span class='ocrx_word' id='word_1_253' title='bbox 1798 3169 1945 3275; x_wconf 83' lang='lat' dir='ltr'>ejusmor&#39;</span> 
     </span>
     <span class='ocr_line' id='line_1_27' title="bbox 499 3267 1945 3466; baseline 0.006 -25"><span class='ocrx_word' id='word_1_254' title='bbox 499 3273 658 3465; x_wconf 61' lang='lat' dir='ltr'>ltili?</span> <span class='ocrx_word' id='word_1_255' title='bbox 673 3267 1731 3460; x_wconf 50' lang='lat' dir='ltr'>“3¹3⁰still?litll?tellgsiz&#39;ltl§still‘llill,</span> <span class='ocrx_word' id='word_1_256' title='bbox 1748 3273 1945 3466; x_wconf 59' lang='lat' dir='ltr'>iiiiii:</span> 
     </span>
     <span class='ocr_line' id='line_1_28' title="bbox 501 3461 1945 3568; baseline 0.004 -28"><span class='ocrx_word' id='word_1_257' title='bbox 501 3468 635 3559; x_wconf 89' lang='lat' dir='ltr'>Religio</span> <span class='ocrx_word' id='word_1_258' title='bbox 650 3465 830 3560; x_wconf 91' lang='lat' dir='ltr'>imperium</span> <span class='ocrx_word' id='word_1_259' title='bbox 843 3461 985 3556; x_wconf 88' lang='lat' dir='ltr'>respuat.</span> <span class='ocrx_word' id='word_1_260' title='bbox 1032 3467 1072 3554; x_wconf 83' lang='lat'>4)</span> <span class='ocrx_word' id='word_1_261' title='bbox 1098 3489 1169 3536; x_wconf 89' lang='lat' dir='ltr'>eam</span> <span class='ocrx_word' id='word_1_262' title='bbox 1193 3491 1259 3534; x_wconf 92' lang='lat' dir='ltr'>non</span> <span class='ocrx_word' id='word_1_263' title='bbox 1286 3461 1380 3534; x_wconf 87' lang='lat' dir='ltr'>fuisse</span> <span class='ocrx_word' id='word_1_264' title='bbox 1402 3462 1635 3558; x_wconf 86' lang='lat' dir='ltr'>paciscentium</span> <span class='ocrx_word' id='word_1_265' title='bbox 1663 3493 1809 3540; x_wconf 88' lang='lat' dir='ltr'>mentem</span> <span class='ocrx_word' id='word_1_266' title='bbox 1832 3491 1945 3568; x_wconf 79' lang='lat' dir='ltr'>parret</span> 
     </span>
     <span class='ocr_line' id='line_1_29' title="bbox 502 3558 1945 3661; baseline 0.001 -23"><span class='ocrx_word' id='word_1_267' title='bbox 502 3563 745 3660; x_wconf 86' lang='lat' dir='ltr'>superioritatis</span> <span class='ocrx_word' id='word_1_268' title='bbox 767 3560 976 3630; x_wconf 85' lang='lat' dir='ltr'>territorialis</span> <span class='ocrx_word' id='word_1_269' title='bbox 996 3561 1112 3632; x_wconf 85' lang='lat' dir='ltr'>exinde</span> <span class='ocrx_word' id='word_1_270' title='bbox 1131 3565 1258 3646; x_wconf 88' lang='lat' dir='ltr'>amitti,</span> <span class='ocrx_word' id='word_1_271' title='bbox 1287 3558 1459 3631; x_wconf 77' lang='lat' dir='ltr'>fifubditis</span> <span class='ocrx_word' id='word_1_272' title='bbox 1480 3561 1621 3633; x_wconf 89' lang='lat' dir='ltr'>liberum</span> <span class='ocrx_word' id='word_1_273' title='bbox 1641 3570 1856 3661; x_wconf 86' lang='lat' dir='ltr'>permittatur</span> <span class='ocrx_word' id='word_1_274' title='bbox 1878 3571 1945 3644; x_wconf 88' lang='lat' dir='ltr'>Rel:</span> 
     </span>
     <span class='ocr_line' id='line_1_30' title="bbox 505 3652 1945 3757; baseline 0.006 -27"><span class='ocrx_word' id='word_1_275' title='bbox 505 3661 614 3755; x_wconf 89' lang='lat' dir='ltr'>gionis</span> <span class='ocrx_word' id='word_1_276' title='bbox 635 3659 845 3737; x_wconf 82' lang='lat' dir='ltr'>exercitium,</span> <span class='ocrx_word' id='word_1_277' title='bbox 866 3659 993 3750; x_wconf 91' lang='lat' dir='ltr'>quippe</span> <span class='ocrx_word' id='word_1_278' title='bbox 1015 3661 1103 3750; x_wconf 84' lang='lat' dir='ltr'>quod</span> <span class='ocrx_word' id='word_1_279' title='bbox 1126 3660 1273 3753; x_wconf 91' lang='lat' dir='ltr'>alioquin</span> <span class='ocrx_word' id='word_1_280' title='bbox 1297 3652 1416 3727; x_wconf 63' lang='lat' dir='ltr'>facturi</span> <span class='ocrx_word' id='word_1_281' title='bbox 1442 3683 1507 3727; x_wconf 90' lang='lat' dir='ltr'>non</span> <span class='ocrx_word' id='word_1_282' title='bbox 1531 3683 1635 3730; x_wconf 81' lang='lat' dir='ltr'>erant.</span> <span class='ocrx_word' id='word_1_283' title='bbox 1691 3669 1731 3750; x_wconf 88' lang='lat'>5)</span> <span class='ocrx_word' id='word_1_284' title='bbox 1756 3667 1867 3757; x_wconf 89' lang='lat' dir='ltr'>quoad</span> <span class='ocrx_word' id='word_1_285' title='bbox 1893 3667 1945 3756; x_wconf 86' lang='lat' dir='ltr'>jur</span> 
     </span>
     <span class='ocr_line' id='line_1_31' title="bbox 505 3747 1945 3852; baseline 0.005 -24"><span class='ocrx_word' id='word_1_286' title='bbox 505 3760 607 3830; x_wconf 88' lang='lat' dir='ltr'>etiam</span> <span class='ocrx_word' id='word_1_287' title='bbox 629 3751 810 3844; x_wconf 89' lang='lat' dir='ltr'>etRegalia</span> <span class='ocrx_word' id='word_1_288' title='bbox 832 3747 972 3845; x_wconf 84' lang='lat' dir='ltr'>profana</span> <span class='ocrx_word' id='word_1_289' title='bbox 995 3753 1194 3846; x_wconf 86' lang='lat' dir='ltr'>imperantes</span> <span class='ocrx_word' id='word_1_290' title='bbox 1219 3753 1425 3824; x_wconf 87' lang='lat' dir='ltr'>subditorum</span> <span class='ocrx_word' id='word_1_291' title='bbox 1446 3758 1649 3849; x_wconf 85' lang='lat' dir='ltr'>privilegiis,</span> <span class='ocrx_word' id='word_1_292' title='bbox 1676 3782 1708 3827; x_wconf 91' lang='lat' dir='ltr'>et</span> <span class='ocrx_word' id='word_1_293' title='bbox 1728 3759 1874 3852; x_wconf 88' lang='lat' dir='ltr'>Legibus</span> <span class='ocrx_word' id='word_1_294' title='bbox 1889 3767 1945 3836; x_wconf 90' lang='lat' dir='ltr'>Re:</span> 
     </span>
     <span class='ocr_line' id='line_1_32' title="bbox 504 3847 1945 3955; baseline 0.006 -30"><span class='ocrx_word' id='word_1_295' title='bbox 504 3850 658 3952; x_wconf 90' lang='lat' dir='ltr'>publicae</span> <span class='ocrx_word' id='word_1_296' title='bbox 675 3849 842 3942; x_wconf 90' lang='lat' dir='ltr'>primariis</span> <span class='ocrx_word' id='word_1_297' title='bbox 858 3847 1015 3944; x_wconf 87' lang='lat' dir='ltr'>persaepe</span> <span class='ocrx_word' id='word_1_298' title='bbox 1031 3848 1196 3920; x_wconf 68' lang='lat' dir='ltr'>rellric‘los</span> <span class='ocrx_word' id='word_1_299' title='bbox 1211 3847 1284 3922; x_wconf 81' lang='lat' dir='ltr'>else.</span> <span class='ocrx_word' id='word_1_300' title='bbox 1331 3853 1425 3920; x_wconf 85' lang='lat' dir='ltr'>Haec</span> <span class='ocrx_word' id='word_1_301' title='bbox 1437 3863 1585 3941; x_wconf 71' lang='lat' dir='ltr'>Anonymi</span> <span class='ocrx_word' id='word_1_302' title='bbox 1601 3851 1724 3944; x_wconf 84' lang='lat' dir='ltr'>effugia</span> <span class='ocrx_word' id='word_1_303' title='bbox 1742 3859 1792 3924; x_wconf 83' lang='lat' dir='ltr'>virt</span> <span class='ocrx_word' id='word_1_304' title='bbox 1807 3856 1945 3955; x_wconf 88' lang='lat' dir='ltr'>respons</span> 
     </span>
     <span class='ocr_line' id='line_1_33' title="bbox 504 3944 1945 4050; baseline 0.006 -33"><span class='ocrx_word' id='word_1_305' title='bbox 504 3971 622 4042; x_wconf 89' lang='lat' dir='ltr'>egent,</span> <span class='ocrx_word' id='word_1_306' title='bbox 647 3970 723 4015; x_wconf 91' lang='lat' dir='ltr'>nam</span> <span class='ocrx_word' id='word_1_307' title='bbox 748 3944 788 4013; x_wconf 89' lang='lat' dir='ltr'>ad</span> <span class='ocrx_word' id='word_1_308' title='bbox 821 3944 861 4035; x_wconf 89' lang='lat'>1)</span> <span class='ocrx_word' id='word_1_309' title='bbox 885 3969 922 4014; x_wconf 88' lang='lat' dir='ltr'>ea</span> <span class='ocrx_word' id='word_1_310' title='bbox 940 3969 993 4014; x_wconf 89' lang='lat' dir='ltr'>res</span> <span class='ocrx_word' id='word_1_311' title='bbox 1010 3945 1118 4016; x_wconf 94' lang='lat' dir='ltr'>denuo</span> <span class='ocrx_word' id='word_1_312' title='bbox 1139 3946 1179 4017; x_wconf 93' lang='lat' dir='ltr'>ad</span> <span class='ocrx_word' id='word_1_313' title='bbox 1198 3944 1283 4016; x_wconf 89' lang='lat' dir='ltr'>solos</span> <span class='ocrx_word' id='word_1_314' title='bbox 1299 3947 1487 4017; x_wconf 83' lang='lat' dir='ltr'>catholicos</span> <span class='ocrx_word' id='word_1_315' title='bbox 1504 3951 1691 4044; x_wconf 85' lang='lat' dir='ltr'>horumque</span> <span class='ocrx_word' id='word_1_316' title='bbox 1710 3955 1875 4050; x_wconf 88' lang='lat' dir='ltr'>principia</span> <span class='ocrx_word' id='word_1_317' title='bbox 1890 3979 1945 4048; x_wconf 84' lang='lat' dir='ltr'>per</span> 
     </span>
     <span class='ocr_line' id='line_1_34' title="bbox 488 4037 1945 4147; baseline 0.008 -31"><span class='ocrx_word' id='word_1_318' title='bbox 488 4037 880 4128; x_wconf 66' lang='lat' dir='ltr'>”tinet31’roteliantium</span> <span class='ocrx_word' id='word_1_319' title='bbox 906 4066 971 4112; x_wconf 93' lang='lat' dir='ltr'>non</span> <span class='ocrx_word' id='word_1_320' title='bbox 996 4041 1149 4122; x_wconf 82' lang='lat' dir='ltr'>luterell,</span> <span class='ocrx_word' id='word_1_321' title='bbox 1181 4041 1377 4138; x_wconf 86' lang='lat' dir='ltr'>quibuscum</span> <span class='ocrx_word' id='word_1_322' title='bbox 1403 4043 1497 4112; x_wconf 86' lang='lat' dir='ltr'>nobis</span> <span class='ocrx_word' id='word_1_323' title='bbox 1523 4071 1561 4114; x_wconf 86' lang='lat' dir='ltr'>ex</span> <span class='ocrx_word' id='word_1_324' title='bbox 1587 4045 1731 4137; x_wconf 88' lang='lat' dir='ltr'>Legibus</span> <span class='ocrx_word' id='word_1_325' title='bbox 1755 4053 1896 4147; x_wconf 90' lang='lat' dir='ltr'>lmperii</span> <span class='ocrx_word' id='word_1_326' title='bbox 1918 4055 1945 4128; x_wconf 88' lang='lat' dir='ltr'>lt</span> 
     </span>
    </p>

    <p class='ocr_par' dir='ltr' id='par_1_4' title="bbox 501 4135 1946 4629">
     <span class='ocr_line' id='line_1_35' title="bbox 530 4135 1945 4238; baseline 0.006 -29"><span class='ocrx_word' id='word_1_327' title='bbox 530 4138 693 4220; x_wconf 84' lang='lat' dir='ltr'>nendum,</span> <span class='ocrx_word' id='word_1_328' title='bbox 719 4137 838 4230; x_wconf 87' lang='lat' dir='ltr'>quibus</span> <span class='ocrx_word' id='word_1_329' title='bbox 860 4141 975 4233; x_wconf 92' lang='lat' dir='ltr'>utique</span> <span class='ocrx_word' id='word_1_330' title='bbox 999 4135 1111 4208; x_wconf 89' lang='lat' dir='ltr'>saltem</span> <span class='ocrx_word' id='word_1_331' title='bbox 1134 4135 1165 4209; x_wconf 90' lang='lat' dir='ltr'>se</span> <span class='ocrx_word' id='word_1_332' title='bbox 1190 4139 1355 4230; x_wconf 79' lang='lat' dir='ltr'>obligatos</span> <span class='ocrx_word' id='word_1_333' title='bbox 1378 4138 1635 4235; x_wconf 81' lang='lat' dir='ltr'>profitebuntur.</span> <span class='ocrx_word' id='word_1_334' title='bbox 1688 4145 1741 4214; x_wconf 81' lang='lat' dir='ltr'>nd</span> <span class='ocrx_word' id='word_1_335' title='bbox 1769 4149 1808 4238; x_wconf 81' lang='lat' dir='ltr'>a)</span> <span class='ocrx_word' id='word_1_336' title='bbox 1836 4173 1876 4220; x_wconf 84' lang='lat' dir='ltr'>ex</span> <span class='ocrx_word' id='word_1_337' title='bbox 1901 4151 1945 4224; x_wconf 75' lang='lat' dir='ltr'>lan</span> 
     </span>
     <span class='ocr_line' id='line_1_36' title="bbox 502 4167 1945 4329; baseline 0.007 -19"><span class='ocrx_word' id='word_1_338' title='bbox 502 4167 615 4311; x_wconf 75' lang='lat' dir='ltr'>denuo</span> <span class='ocrx_word' id='word_1_339' title='bbox 634 4234 669 4305; x_wconf 91' lang='lat' dir='ltr'>id</span> <span class='ocrx_word' id='word_1_340' title='bbox 689 4231 794 4306; x_wconf 83' lang='lat' dir='ltr'>solum</span> <span class='ocrx_word' id='word_1_341' title='bbox 816 4231 959 4304; x_wconf 85' lang='lat' dir='ltr'>infertur</span> <span class='ocrx_word' id='word_1_342' title='bbox 977 4231 1243 4329; x_wconf 76' lang='lat' dir='ltr'>jurisdislionem</span> <span class='ocrx_word' id='word_1_343' title='bbox 1267 4233 1359 4306; x_wconf 89' lang='lat' dir='ltr'>illam</span> <span class='ocrx_word' id='word_1_344' title='bbox 1385 4235 1658 4322; x_wconf 79' lang='lat' dir='ltr'>Ecclesiasticam,</span> <span class='ocrx_word' id='word_1_345' title='bbox 1683 4266 1757 4314; x_wconf 91' lang='lat' dir='ltr'>cum</span> <span class='ocrx_word' id='word_1_346' title='bbox 1778 4246 1896 4319; x_wconf 82' lang='lat' dir='ltr'>exinde</span> <span class='ocrx_word' id='word_1_347' title='bbox 1918 4255 1945 4320; x_wconf 73' lang='lat' dir='ltr'>ta*</span> 
     </span>
     <span class='ocr_line' id='line_1_37' title="bbox 501 4331 1945 4440; baseline 0.005 -34"><span class='ocrx_word' id='word_1_348' title='bbox 501 4333 718 4408; x_wconf 88' lang='lat' dir='ltr'>conscientiae</span> <span class='ocrx_word' id='word_1_349' title='bbox 743 4333 946 4402; x_wconf 87' lang='lat' dir='ltr'>eontrarium</span> <span class='ocrx_word' id='word_1_350' title='bbox 967 4333 1013 4402; x_wconf 94' lang='lat' dir='ltr'>im</span> <span class='ocrx_word' id='word_1_351' title='bbox 1040 4334 1128 4403; x_wconf 87' lang='lat' dir='ltr'>erari</span> <span class='ocrx_word' id='word_1_352' title='bbox 1153 4355 1269 4429; x_wconf 84' lang='lat' dir='ltr'>queat,</span> <span class='ocrx_word' id='word_1_353' title='bbox 1295 4331 1392 4428; x_wconf 89' lang='lat' dir='ltr'>plane</span> <span class='ocrx_word' id='word_1_354' title='bbox 1411 4334 1610 4406; x_wconf 88' lang='lat' dir='ltr'>illimitatam</span> <span class='ocrx_word' id='word_1_355' title='bbox 1639 4362 1706 4410; x_wconf 89' lang='lat' dir='ltr'>non</span> <span class='ocrx_word' id='word_1_356' title='bbox 1731 4335 1865 4413; x_wconf 71' lang='lat' dir='ltr'>elletdi</span> <span class='ocrx_word' id='word_1_357' title='bbox 1889 4345 1945 4440; x_wconf 85' lang='lat' dir='ltr'>plu</span> 
     </span>
     <span class='ocr_line' id='line_1_38' title="bbox 503 4355 1946 4531; baseline 0.008 -28"><span class='ocrx_word' id='word_1_358' title='bbox 503 4429 677 4528; x_wconf 89' lang='lat' dir='ltr'>quidpiam</span> <span class='ocrx_word' id='word_1_359' title='bbox 690 4425 761 4498; x_wconf 85' lang='lat' dir='ltr'>vult</span> <span class='ocrx_word' id='word_1_360' title='bbox 775 4435 970 4518; x_wconf 65' lang='lat' dir='ltr'>Arentinus,</span> <span class='ocrx_word' id='word_1_361' title='bbox 993 4355 1039 4497; x_wconf 76' lang='lat' dir='ltr'>id</span> <span class='ocrx_word' id='word_1_362' title='bbox 1042 4431 1212 4501; x_wconf 90' lang='lat' dir='ltr'>enimvero</span> <span class='ocrx_word' id='word_1_363' title='bbox 1233 4427 1293 4524; x_wconf 87' lang='lat' dir='ltr'>ipli</span> <span class='ocrx_word' id='word_1_364' title='bbox 1325 4455 1385 4500; x_wconf 92' lang='lat' dir='ltr'>nee</span> <span class='ocrx_word' id='word_1_365' title='bbox 1405 4433 1629 4525; x_wconf 89' lang='lat' dir='ltr'>permittitur,</span> <span class='ocrx_word' id='word_1_366' title='bbox 1652 4459 1712 4506; x_wconf 91' lang='lat' dir='ltr'>nec</span> <span class='ocrx_word' id='word_1_367' title='bbox 1726 4459 1764 4505; x_wconf 83' lang='lat' dir='ltr'>ex</span> <span class='ocrx_word' id='word_1_368' title='bbox 1778 4439 1850 4531; x_wconf 82' lang='lat' dir='ltr'>ejus</span> <span class='ocrx_word' id='word_1_369' title='bbox 1865 4439 1946 4514; x_wconf 73' lang='lat' dir='ltr'>diui</span> 
     </span>
     <span class='ocr_line' id='line_1_39' title="bbox 501 4521 1945 4629; baseline 0.006 -27"><span class='ocrx_word' id='word_1_370' title='bbox 501 4532 568 4607; x_wconf 84' lang='lat' dir='ltr'>rire</span> <span class='ocrx_word' id='word_1_371' title='bbox 583 4529 722 4605; x_wconf 69' lang='lat' dir='ltr'>erutus.</span> <span class='ocrx_word' id='word_1_372' title='bbox 770 4524 825 4601; x_wconf 78' lang='lat' dir='ltr'>Ad</span> <span class='ocrx_word' id='word_1_373' title='bbox 852 4527 894 4624; x_wconf 83' lang='lat'>3)</span> <span class='ocrx_word' id='word_1_374' title='bbox 919 4521 1050 4600; x_wconf 85' lang='lat' dir='ltr'>Subditi</span> <span class='ocrx_word' id='word_1_375' title='bbox 1069 4549 1225 4626; x_wconf 87' lang='lat' dir='ltr'>tanquam</span> <span class='ocrx_word' id='word_1_376' title='bbox 1239 4525 1418 4602; x_wconf 82' lang='lat' dir='ltr'>Christiani</span> <span class='ocrx_word' id='word_1_377' title='bbox 1436 4548 1471 4604; x_wconf 91' lang='lat' dir='ltr'>et</span> <span class='ocrx_word' id='word_1_378' title='bbox 1490 4551 1553 4626; x_wconf 90' lang='lat' dir='ltr'>per</span> <span class='ocrx_word' id='word_1_379' title='bbox 1566 4527 1770 4629; x_wconf 84' lang='lat' dir='ltr'>Baptismunr</span> <span class='ocrx_word' id='word_1_380' title='bbox 1785 4535 1945 4610; x_wconf 80' lang='lat' dir='ltr'>Ecclesan</span> 
     </span>
    </p>
   </div>
   <div class='ocr_carea' id='block_1_4' title="bbox 1835 4633 1945 4732">
    <p class='ocr_par' dir='ltr' id='par_1_5' title="bbox 1835 4633 1945 4732">
     <span class='ocr_line' id='line_1_40' title="bbox 1835 4633 1945 4732; baseline -0.009 -21"><span class='ocrx_word' id='word_1_381' title='bbox 1835 4633 1945 4732; x_wconf 83' lang='lat' dir='ltr'>ingres</span> 
     </span>
    </p>
   </div>
   <div class='ocr_carea' id='block_1_5' title="bbox 642 4893 1264 4980">
    <p class='ocr_par' dir='ltr' id='par_1_6' title="bbox 642 4893 1264 4980">
     <span class='ocr_line' id='line_1_41' title="bbox 784 4893 1264 4915; baseline 0.002 -1"><span class='ocrx_word' id='word_1_382' title='bbox 784 4893 861 4915; x_wconf 66' lang='grc' dir='ltr'>..ἱ-</span> <span class='ocrx_word' id='word_1_383' title='bbox 1242 4902 1264 4915; x_wconf 81' lang='grc'>-.</span> 
     </span>
     <span class='ocr_line' id='line_1_42' title="bbox 642 4933 659 4980; baseline 0 -38"><span class='ocrx_word' id='word_1_384' title='bbox 642 4933 659 4980; x_wconf 92' lang='lat'>.-</span> 
     </span>
    </p>
   </div>
   <div class='ocr_carea' id='block_1_6' title="bbox 0 0 2485 5556">
    <p class='ocr_par' dir='ltr' id='par_1_7' title="bbox 0 0 2485 5556">
     <span class='ocr_line' id='line_1_43' title="bbox 0 0 2485 5556; baseline 0 0"><span class='ocrx_word' id='word_1_385' title='bbox 0 0 2485 5556; x_wconf 95' lang='lat' dir='ltr'> </span> 
     </span>
    </p>
   </div>
  </div>
 </body>
</html>
