4950 5567
623 653 625 658 ·
668 631 750 708 uu
771 631 1001 714 sunums
1027 635 1303 738 Quouunu
1327 623 1705 726 oratononarts
1731 651 1800 728 ae.
1906 677 1975 750 225
2025 709 2028 714 -

492 839 557 890 non
573 835 705 888 tantum
721 816 879 900 eandem,
906 816 960 890 sed
980 819 1013 891 dr
1036 821 1198 917 mojorem
1217 823 1329 922 quoad
1348 822 1435 898 bona
1455 827 1622 924 ejusmodi
1635 829 1854 911 Eealefieslica
1872 833 1907 912 dt
1924 857 1978 913 te·

495 915 575 990 dirus
590 913 784 994 libertatem
802 919 951 992 Domino
966 923 1185 996 Territoriali
1198 920 1335 997 voluisse
1349 922 1559 1024 praeservari.

1115 1159 1153 1252 §-
1202 1153 1348 1230 xvn.

600 1283 730 1373 Neque
750 1285 867 1374 negari
890 1283 1016 1380 potest,
1040 1291 1132 1360 Bona
1154 1285 1376 1360 Ecclesiastica
1397 1287 1471 1388 poll
1487 1287 1770 1378 Transassionem
1791 1285 1978 1366 Palsavien·
2115 1321 2118 1328 ·

502 1371 601 1450 scut&
620 1383 738 1450 Pacem
753 1381 956 1471 Religiosam
975 1385 1265 1459 aProtellantibus
1287 1413 1448 1484 occupata
1468 1393 1650 1462 marimum
1670 1388 1760 1462 bello
1782 1391 1892 1464 eidem
1908 1415 1972 1487 per

494 1475 592 1546 ·r.w.
618 1473 714 1548 finito
733 1473 921 1551 fomentum
945 1479 1137 1576 praebuilse,
1165 1509 1267 1583 prout
1289 1485 1427 1558 historia
1446 1485 1555 1558 Edisli
1579 1487 1776 1561 restitutorii
1802 1489 1900 1560 docet
1915 1491 1972 1576 a),

504 1571 615 1666 ipfimcr
630 1575 715 1646 Belli
731 1574 900 1649 consortes
917 1578 1097 1671 agnoscunt
1113 1586 1169 1669 b),
1195 1584 1228 1654 dt
1250 1584 1406 1656 hodierni
1428 1589 1529 1657 etiam
1552 1591 1740 1684 Scriptores
1757 1588 1790 1677 c)
1812 1581 1972 1660 fatentur.

504 1673 536 1742 Et
548 1677 696 1768 quamvis
713 1675 877 1748 Catholici
896 1679 1005 1773 quoad
1025 1678 1199 1751 Constatus
1217 1685 1377 1776 Imperii,
1404 1687 1464 1779 qui
1480 1683 1566 1754 botta
1580 1684 1747 1776 ejusmodi
1762 1681 1837 1780 poll
1852 1689 1973 1754 Pacem

504 1769 687 1862 Religiosam
705 1797 968 1868 occupaverant,
995 1801 1167 1850 armorum
1192 1782 1224 1850 vi
1248 1778 1282 1848 dc
1300 1783 1424 1875 quietis
1442 1781 1586 1878 publicae
1606 1782 1742 1854 demum
1759 1779 1971 1853 restituenda

505 1865 663 1950 desiderio,
689 1872 723 1939 in
742 1895 860 1944 eorum
877 1872 1121 1948 abdicationem
1147 1899 1347 1974 perpetuam
1363 1878 1501 1950 demum
1521 1877 1708 1952 consentire
1729 1878 1921 1975 compulsos
1937 1877 1971 1950 se

505 1966 657 2053 tidercnr3
685 1973 858 2064 Qtanaum
875 1989 986 2044 tamen
1000 1976 1112 2068 quoad
1129 1977 1270 2046 mediata
1286 1979 1320 2044 in
1335 1979 1538 2048 Tetricoriis
1555 1977 1809 2048 catholicorum
1824 1974 1881 2048 fita
1895 1976 1970 2047 aliia

504 2067 647 2135 muncia
667 2065 879 2139 Conllatrbua
901 2069 1084 2144 addicenda
1108 2069 1260 2143 difficiles
1275 2069 1418 2156 suerint,
1443 2099 1543 2146 nemo
1563 2077 1706 2166 ignorat.
1755 2081 1875 2146 Minor
1894 2070 1971 2146 sane
2120 2125 2123 2132 -

502 2157 691 2236 subditorum
708 2169 740 2236 itt
758 2166 809 2237 his
829 2164 925 2248 fauor
940 2169 1096 2242 adversus
1120 2174 1280 2266 proprios
1295 2174 1461 2242 Dominos
1478 2171 1626 2268 iplismer
1642 2170 1902 2244 Protestantibus
1922 2173 1972 2242 vi·

502 2257 641 2344 debatur,
666 2263 788 2358 quibus
812 2269 977 2366 primario
992 2268 1178 2358 Religionis
1196 2269 1352 2339 duntaxat
1376 2269 1564 2341 libertatem
1585 2273 1760 2367 acquirere
1792 2271 1969 2362 negotium

501 2354 575 2430 suom
598 2358 838 2436 existimabant.
904 2368 954 2436 Hi
981 2367 1091 2462 quoad
1117 2368 1203 2437 bona
1230 2365 1328 2460 plus,
1362 2393 1464 2462 quam
1489 2365 1636 2463 expresse
1660 2392 1882 2450 conventum,
1909 2364 1969 2438 stbi

499 2457 651 2529 vindicare
665 2483 855 2556 nequeunt,
878 2459 963 2535 bene
978 2489 1163 2545 memores,
1191 2464 1302 2558 quod,
1323 2465 1491 2559 quidquid
1507 2469 1741 2546 obtinuerunt,
1768 2491 1863 2537 mero
1872 2465 1969 2535 Prin·

497 2555 593 2652 cipum
607 2555 921 2652 compacisccntium
936 2558 1168 2636 beneficiafibi
1184 2561 1329 2632 obtineri
1346 2559 1503 2657 potuille3
1529 2587 1638 2658 neque
1654 2563 1789 2658 aqualia
1805 2587 1881 2634 eum
1894 2559 1966 2656 ipsa

496 2653 659 2748 Religione
676 2655 708 2726 dt
724 2655 929 2730 conscientie
945 2658 1101 2732 libertat'e
1117 2657 1391 2732 considerationis
1407 2659 1494 2730 bona
1508 2655 1574 2730 visa
1596 2653 1709 2743 fuilse3
1735 2662 1805 2730 imo
1823 2684 1883 2730 nec
1898 2659 1965 2729 alio

493 2747 599 2824 obtutu
616 2754 657 2824 ad
674 2751 903 2827 secundarium
918 2755 1089 2852 objcstum
1103 2756 1329 2830 Trallatuum
1344 2759 1435 2829 Pacis
1449 2753 1659 2854 pertinuisse,
1685 2781 1786 2852 quam
1803 2777 1966 2853 quatenus
2047 2763 2050 2768 '

492 2851 525 2922 ad
538 2847 806 2926 sustentationem
830 2857 977 2926 exercitii
995 2857 1178 2950 Religionis
1196 2855 1227 2926 dr
1245 2853 1501 2937 Ministrorum,
1527 2877 1583 2925 aut
1597 2878 1703 2952 opera
1719 2856 1854 2951 pietatis
1872 2849 1967 2923 delli·

491 2971 610 3022 ututur.
662 2954 826 3024 Preteren
846 2957 909 3022 Pax
928 2960 984 3024 W.
1011 2978 1166 3050 tanquam
1187 2954 1276 3024 nuda
1292 2955 1383 3025 Pacis
1397 2949 1573 3045 Religiosre
1587 2952 1767 3024 declaratio
1780 2951 1894 3023 haberi
1909 2973 1968 3023 uo·

493 3043 562 3132 luit,
589 3049 624 3120 dt
642 3051 676 3118 in
694 3051 734 3118 iis
752 3053 933 3133 Articulis,
959 3050 1017 3122 ubi
1040 3055 1209 3124 communi
1233 3053 1381 3122 Patrium
1406 3051 1529 3147 placito
1550 3050 1635 3121 nihil
1662 3053 1740 3122 novi
1766 3071 1967 3122 conventum

492 3137 562 3228 suit,
587 3147 646 3217 illa
665 3151 813 3219 unanimi
830 3153 1067 3243 Imperatoris,
1095 3147 1308 3229 Eleslorum,
1332 3151 1545 3244 Principum,
1567 3149 1598 3218 dr
1619 3152 1771 3218 Statuum
1788 3151 1967 3244 utriusque

495 3241 671 3336 Religionis
687 3243 843 3317 consensu
862 3247 1089 3330 ratihabetur,
1114 3245 1290 3341 sansleque
1306 3245 1339 3318 dr
1356 3245 1595 3316 inviolabiliter
1610 3241 1767 3316 servanda
1784 3297 1792 3327 ,
1817 3245 1965 3340 jubetur.

494 3341 531 3410 Vi
545 3347 636 3414 Pacis
651 3367 764 3414 autem
783 3345 956 3436 Religiolae
975 3347 1059 3416 nihil
1078 3348 1171 3442 Juris
1190 3348 1223 3414 in
1246 3343 1348 3425 bona,
1380 3345 1508 3414 reditus
1524 3367 1560 3414 ac
1582 3337 1793 3415 fundationes
1815 3341 1964 3422 subditis,

496 3433 537 3508 led
551 3462 659 3513 totum
676 3442 710 3510 id
724 3446 880 3512 Dominis
898 3470 934 3514 ac
950 3443 1094 3513 Statibus
1110 3439 1263 3514 assertum
1281 3437 1356 3512 fuit.
1408 3445 1457 3511 Hi
1475 3437 1714 3536 dispensatores
1730 3465 1848 3513 eorum
1871 3461 1967 3509 crant

498 3531 664 3622 liberrimi,
693 3537 814 3614 subditi
834 3537 1002 3615 beneficiis
1017 3565 1136 3616 eorum
1150 3536 1349 3616 fruebantur
1358 3589 1368 3623 ,
1388 3561 1494 3640 prout
1509 3539 1855 3638 quosqueReligionis
1870 3534 1967 3608 favor

1875 3659 1966 3708 com·

533 3801 1024 3888 a)Emanatiaano1unnu
1034 3826 1056 3868 o
1070 3805 1111 3869 ll.
1123 3805 1237 3887 imper.
1245 3807 1380 3875 Viennae
1394 3809 1445 3871 die
1460 3826 1514 3872 vr.
1523 3805 1627 3871 Illartii
1641 3807 1738 3868 Anno
1751 3803 1965 3880 MDCXXIX,

597 3891 682 3972 quod
698 3891 794 3954 refert
812 3893 968 3954 Lnumn
979 3907 1054 3955 rau:
1079 3889 1151 3956 Asi.
1170 3891 1200 3954 l’.
1216 3890 1252 3956 R.
1268 3889 1326 3957 111.
1351 3911 1423 3973 pag.
1437 3903 1487 3964 82.

477 4063 478 4070 ,
534 4003 565 4088 b)
582 4007 674 4072 conf.
691 4001 959 4090 dturceddtfilmc
971 4009 1156 4072 Resolution
1171 4013 1232 4074 arnt
1245 4005 1646 4084 diutrbranbcnburaildttn
1658 4007 1853 4088 Rbnrlonbtrn
1868 4009 1970 4076 atritis

598 4093 654 4164 lrt,
671 4091 861 4158 brustatum
880 4099 960 4157 btttn
976 4093 1115 4172 &rubras
1130 4091 1315 4160 Traciotm,
1336 4091 1368 4152 in
1382 4088 1482 4171 specie
1495 4092 1538 4154 uit
1548 4089 1738 4153 Restitution
1753 4097 1800 4157 aar
1813 4091 1967 4166 otisslirban

596 4167 693 4241 ulier
714 4179 771 4239 utb
795 4175 1003 4237 Autonomiae
1025 4173 1188 4255 belrtlltnb.
1231 4172 1325 4255 Apud
1341 4172 1529 4235 lllurunu
1550 4169 1645 4240 Toru.
1666 4174 1706 4242 V.
1725 4175 1793 4240 Lib.
1809 4171 1965 4242 XXXIX,

596 4253 888 4340 §mmmm

535 4367 563 4453 a)
581 4371 674 4438 conf.
706 4374 798 4443 uiuri
813 4377 952 4453 acbrtntcn
968 4373 1067 4446 Raiba
1082 4371 1233 4440 urorum
1247 4387 1302 4438 aon
1319 4374 1368 4437 ott
1380 4371 1477 4450 §irunt
1509 4369 1563 4440 ot
1578 4374 1635 4436 nab
1651 4373 1704 4438 uie
1719 4369 1769 4436 bro
1784 4368 1810 4444 lo
1825 4369 1912 4436 nitltn
1927 4367 1970 4444 [tt

596 4456 670 4522 nont
686 4459 714 4520 in
729 4456 837 4532 olianta
854 4457 1019 4525 Guttittn,
1043 4457 1088 4521 ala
1105 4460 1132 4519 in
1150 4456 1313 4526 beltramum
1327 4453 1480 4520 brumam
1497 4453 1725 4518 totltnnrnbtt
1745 4451 1856 4528 Rloqtt
1880 4465 1967 4544 arato

595 4535 924 4703 pppnlgtpiplgpppppqppu
944 4537 1081 4620 uttitlbtu
1095 4537 1291 4603 Immuuitaet
1310 4539 1354 4605 titt
1370 4534 1565 4619 scrutabor
1578 4551 1615 4604 tot
1636 4533 1777 4616 benifica
1791 4533 1910 4614 {bulon
1923 4534 1968 4603 ott

572 4757 665 4811 amus
692 4733 768 4815 IV.
1332 4737 1361 4806 F
1383 4726 1413 4860 f·
