4950 5567
494 649 564 724 192
627 615 966 712 Dissertatio
987 623 1094 726 JUR.
1116 621 1278 704 GERM.
1300 619 1827 716 tectustnst.tUBLtc1

1056 791 1065 802 ‘
1148 807 1183 908 t.
1234 807 1313 886 ut.

606 941 804 1019 Perduravit
824 941 959 1044 posthoc
978 942 1154 1041 aliquoties
1177 941 1294 1020 cadem
1312 935 1568 1014 Protellantium
1591 942 1625 1013 in
1649 943 1799 1042 petendo
1817 941 1932 1020 tirmitt

493 1043 548 1114 cui
565 1065 645 1115 vero
664 1043 695 1113 dt
711 1045 826 1116 eadem
849 1068 886 1114 er
908 1066 1004 1140 parte
1027 1041 1254 1115 Cael'ateorurn
1272 1065 1340 1112 non
1363 1041 1473 1134 potuit
1494 1065 1560 1110 non
1581 1039 1786 1138 respondete
1808 1047 1932 1116 retinet

493 1137 581 1216 soliti
599 1133 698 1236 lupcr
717 1143 781 1212 hoc
801 1139 926 1236 punilo
947 1141 1131 1232 Religionis
1156 1137 1364 1210 subditorum
1387 1137 1624 1208 relucndotum
1645 1137 1764 1212 silentii
1780 1139 1932 1216 constant

491 1237 588 1310 Nam
613 1241 765 1334 quamvis
789 1242 921 1334 priores
944 1263 1079 1310 omnem
1101 1237 1299 1308 ulteriorem
1321 1258 1398 1306 curn
1415 1232 1571 1307 Caesareis
1593 1233 1875 1312 consultationem
1890 1247 1932 1314 tel

493 1337 640 1429 gientcs,
656 1333 694 1434 a)
719 1336 988 1409 Declarationem
1006 1335 1104 1502 supet
1126 1331 1251 1430 punito
1265 1334 1508 1406 Grataminum
1524 1337 1659 1426 Legatia
1683 1339 1834 1408 Succicia
1856 1357 1932 1412 xxv

493 1430 671 1503 Februarii
686 1437 935 1504 MDCXLVll.
961 1433 1036 1505 ethi
1063 1432 1148 1504 endo
1167 1435 1281 1528 priora
1294 1456 1361 1503 non
1381 1453 1509 1504 tantum
1522 1431 1632 1525 quoad
1655 1431 1723 1506 hoc
1744 1429 1932 1528 punsstrmt

493 1549 664 1626 peterent,
680 1531 719 1621 l)
746 1529 801 1606 sed
819 1533 851 1604 in
868 1531 940 1602 aliis
956 1531 1069 1608 multis
1087 1529 1133 1602 Ca
1161 1529 1261 1604 itibus
1281 1532 1382 1604 etiam
1403 1552 1489 1600 nova
1514 1527 1675 1602 adderent
1694 1526 1760 1602 line
1777 1531 1852 1604 ullo
1867 1555 1932 1606 mot

497 1629 627 1700 tamine
643 1650 680 1698 ac
694 1651 959 1724 temperamento
984 1655 1046 1725 per
1067 1556 1203 1701 eosdem
1229 1630 1405 1699 Succos
1434 1621 1701 1708 irremiilibilitet
1722 1629 1763 1702 ad
1780 1625 1830 1700 sui
1847 1631 1932 1704 couc'

495 1717 621 1794 iioncm
647 1723 680 1794 dt
704 1727 965 1824 acceptationem
989 1723 1264 1826 perurgenda;c)
1297 1717 1438 1796 caesarei
1467 1746 1577 1800 tamen
1609 1724 1643 1795 in
1674 1725 1859 1810 attimaro.
1888 1751 1932 1826 qu

494 1823 1027 1898 Taauruansuoarsrur
1053 1821 1125 1920 poll
1149 1845 1331 1895 extremam
1356 1813 1430 1892 fere
1454 1819 1719 1912 indignationem
1742 1847 1822 1896 cum
1849 1847 1932 1924 prop

496 1913 615 1990 fitione
637 1920 747 1990 totalis
763 1917 985 1993 Tratlatuum
1003 1921 1212 2017 abruptionis
1228 1919 1483 1992 comminatoria
1495 1921 1536 2009 d)
1561 1921 1729 2010 proomni
1748 1919 1932 1994 &ultima

498 2037 537 2090 ce
554 2015 722 2109 promifit,
744 2016 899 2111 Projeilo
911 2017 951 2087 ab
969 2021 1009 2089 iis
1025 2017 1200 2100 omnibus,
1222 2041 1297 2114 qurc
1312 2012 1521 2086 subditorum
1537 2015 1746 2106 Religionem
1761 2041 1932 2112 concernat

487 2117 637 2278 ,penitus
651 2119 834 2185 etiamnum
851 2111 1093 2197 ablltaxetunt,
1109 2117 1141 2208 e)
1164 2109 1423 2190 Procedentibus
1440 2111 1518 2183 dein
1534 2111 1647 2183 rursus
1663 2114 1704 2184 ad
1719 2117 1876 2213 priorem
1891 2113 1932 2190 sur

498 2207 756 2416 tiq)ctq:·tqqonem
779 2211 1055 2318 provocantibus,
1084 2211 1118 2288 dt
1139 2209 1234 2286 suurn
1258 2211 1301 2290 de
1319 2209 1494 2314 Religionc
1508 2205 1713 2312 postulatum
1725 2211 1830 2292 inseri
1845 2213 1932 2316 cupit

1165 2443 1199 2543 r.
1250 2441 1326 2524 ru.

616 2581 695 2650 Hoc
715 2577 805 2652 idem
828 2574 942 2652 rursus
965 2579 1104 2671 contigit
1126 2581 1159 2649 in
1177 2574 1395 2651 Conferentit
1416 2576 1459 2651 de
1473 2596 1550 2652 xvt.
1567 2573 1710 2652 dcxvii.
1726 2577 1847 2654 Martii
1861 2583 1925 2654 Vo

500 2692 531 2752 tt
542 2693 670 2752 nrum
688 2677 1042 2755 inrctdsntvtunt
1059 2725 1068 2762 ,
1085 2676 1142 2748 ubi
1157 2677 1211 2754 hic
1229 2679 1370 2778 aptiori
1386 2701 1453 2754 non
1465 2675 1689 2753 recedendum
1704 2675 1888 2752 arbitratur
1900 2703 1932 2776 pr

1873 2771 1932 2882 pol

539 2938 580 3018 a)
597 2936 724 3003 Confer.
738 2939 771 3002 lll
781 2957 925 3006 aranu
939 2940 1034 3010 Tom.
1051 2943 1109 3012 IV.
1125 2944 1160 3011 L.
1173 2943 1280 3010 XXV.
1295 2946 1325 3025 §.
1340 2941 1430 3007 Xlll.
1446 2961 1517 3026 pag.
1536 2952 1587 3027 87.

539 3051 577 3136 b)
599 3051 684 3118 Idem
693 3055 807 3118 ibidem
819 3078 889 3140 pag.
902 3081 972 3146 94:
990 3061 1154 3136 „subditis
1163 3082 1265 3146 neque
1273 3065 1353 3128 circa
1361 3063 1549 3206 Reliqionia,
1563 3079 1655 3142 quarn
1665 3055 1932 3124 AnnoleCXXl

613 3137 762 3216 „professi
783 3139 932 3213 suerunt,
962 3147 1176 3215 exercitium.
1205 3165 1266 3210 nec
1285 3149 1367 3210 circa
1388 3165 1431 3227 po
1453 3145 1604 3207 'cilionem
1625 3141 1659 3204 dt
1681 3143 1932 3206 administratiou

614 3220 850 3300 „ternplorum‚
873 3222 1048 3290 scholarum
1064 3227 1127 3293 dte.
1147 3229 1394 3309 Penfionurnque
1411 3248 1448 3289 ac
1463 3227 1633 3290 Redituum
1648 3225 1819 3310 quidquam
1829 3225 1932 3290 iatam

611 3301 803 3378 „molestiae,
826 3303 860 3366 oz
876 3305 974 3387 siquid
989 3328 1100 3372 eorum
1118 3310 1234 3374 sarium
1249 3311 1362 3384 suerit,
1384 3310 1628 3390 redintegretur.

440 3429 442 3436 '
541 3415 574 3496 c)
594 3414 681 3486 Idem
694 3420 809 3486 ibidem
822 3419 917 3487 Torn.
931 3424 988 3494 IV.
1003 3426 1070 3489 Lib.
1085 3427 1190 3492 XXV.
1209 3435 1236 3501 ,8.
1256 3424 1347 3492 ΧΙΙΙ.
1360 3443 1432 3508 pag.
1448 3435 1499 3507 87.
1515 3424 1578 3508 sup.
1595 3424 1650 3490 rit.

542 3533 583 3616 d)
603 3533 1024 3703 Ccpplpr.)p’lrpltqqqlqu12de
1039 3563 1161 3612 xxvrr.
1175 3542 1333 3608 Februarii
1347 3541 1568 3622 lllDCXLVll,
1584 3541 1665 3626 apud
1682 3539 1871 3608 tiaratae
1883 3538 1914 3606 T
1914 3559 1932 3604 o

540 3735 576 3820 a)
598 3734 724 3800 Confer.
738 3737 915 3818 l’tojeiium
928 3737 1140 3801 Caesareorum
1153 3739 1332 3807 exhibitum
1344 3741 1486 3810 Sueclcit
1497 3741 1548 3806 die
1560 3760 1597 3807 v,
1609 3739 1715 3806 Martii
1731 3739 1813 3826 apud
1826 3737 1932 3812 Muta

594 3896 596 3902 Ι
615 3815 710 3884 Tom.
727 3819 761 3882 dt
772 3821 840 3886 Lib.
855 3823 909 3886 cit.
924 3831 954 3900 ς.
966 3821 1056 3886 XVl.
1069 3841 1138 3903 pag.
1156 3841 1224 3890 122.

579 3971 589 3984 .
673 3936 801 4010 „Quod
821 3938 859 4000 ad
873 3937 981 4000 Status
1001 3936 1035 4000 δε
1049 3938 1204 4002 Civitates
1217 3937 1345 4019 lmpctii
1363 3936 1432 3998 aliis
1448 3935 1613 4000 altioribus
1624 3935 1751 4020 Imperii
1767 3934 1932 4016 statuuat

615 4020 938 4097 „oppignoratiouem
962 4019 1158 4102 lmpetialem
1178 4019 1351 4100 subjectas.
1371 4021 1538 4082 autetiam
1564 4020 1623 4081 alia
1644 4021 1728 4082 bona
1747 4019 1932 4100 patrimonia

615 4096 767 4179 „Imperii
782 4102 835 4163 vel
851 4104 927 4164 certi
945 4102 1078 4181 alicujus
1095 4101 1203 4164 Statua
1218 4102 1345 4181 Imperii
1362 4101 1415 4162 alii
1432 4103 1658 4182 oppignorata,
1681 4100 1773 4181 saquis
1791 4101 1883 4182 super
1897 4119 1932 4182 pt

615 4181 722 4250 „tensa
743 4182 912 4244 relultione
929 4185 1096 4263 quidquam
1114 4183 1193 4264 iuris
1213 4186 1252 4248 ad
1274 4183 1303 4244 se
1325 4183 1461 4263 spectare
1481 4183 1729 4254 eaistimavetit.
1748 4183 1883 4245 liberum
1901 4182 1932 4244 el

614 4261 795 4335 „actionem
819 4265 948 4344 desuper
966 4283 1072 4326 coram
1095 4285 1166 4326 com
1191 4274 1297 4327 etente
1317 4263 1421 4342 judice
1439 4267 1615 4337 intentare,
1639 4283 1698 4325 nee
1725 4264 1818 4326 aliter
1834 4275 1932 4326 teneat

616 4342 789 4423 „possetint
804 4364 837 4406 re
856 4347 1067 4429 oppignorata
1082 4286 1250 4417 decedere,
1272 4345 1328 4407 nist
1345 4345 1471 4408 servato
1486 4344 1563 4425 juris
1584 4347 1712 4418 tudine,
1731 4345 1932 4410 sententiata

617 4436 688 4499 „tra
706 4427 838 4488 eundem
851 4427 930 4500 lata,
954 4427 992 4490 ad
1003 4430 1170 4511 parendum
1184 4428 1346 4492 teluitioni
1360 4429 1588 4490 condemnatus
1602 4427 1707 4492 luerit.

532 4539 582 4636 s)
604 4539 639 4603 ln
656 4542 861 4605 Resolutiona
874 4541 1142 4622 Evangelioorum
1158 4543 1367 4608 v111.lllartii
1382 4540 1491 4604 Suecis
1503 4540 1645 4608 exhibita
1661 4545 1699 4607 ad
1714 4545 1782 4609 Art.
1793 4545 1853 4620 lX,
1866 4545 1932 4612 litt

616 4624 677 4685 ibi:
708 4624 804 4686 Hisce
816 4622 1014 4686 substituatur
1025 4646 1069 4688 ex
1083 4626 1306 4691 Declaratione
1319 4623 1588 4707 Evangelicorum
1601 4631 1778 4712 nuperrima
1791 4629 1861 4694 Art.
1874 4629 1932 4696 IX.

615 4703 761 4770 debonis
778 4706 999 4791 oppignoratis
1014 4725 1070 4790 per
1085 4719 1203 4775 totum.
1245 4707 1433 4775 Marsas
1443 4706 1509 4774 loc.
1526 4709 1580 4774 cit.
1594 4731 1666 4797 pag.
1684 4729 1754 4793 140·
