4950 5567
515 576 781 692 osonrns
796 603 939 687 rnon.
954 565 1095 690 soro.
1111 593 1172 688 nr
1188 597 1553 688 retronoon.
1570 601 1721 686 nnnn.
1738 608 1805 722 ne.
1846 626 1928 719 553-
1975 601 1979 608 ’
2026 711 2032 720 ,

538 790 581 858 3n
598 787 742 873 praeienti
763 786 907 869 Negotio
926 787 1077 871 repellere
1094 775 1231 853 videtur.
1275 773 1396 864 Quodn
1410 785 1448 847 ad
1463 784 1533 849 haec
1552 784 1742 870 interpretes
1757 789 1797 854 Α.
1811 789 1846 855 C.
1863 809 1919 854 ur·
1980 845 1985 854 .

541 880 648 954 gent,
669 868 778 933 Status
791 868 979 931 Catholicoa
999 869 1174 932 abstinuilie
1194 878 1268 931 ante
1285 869 1396 931 Pacem
1410 864 1654 949 Westphalicam
1667 867 1741 940 Jure
1755 873 1837 936 circa
1857 872 1918 935 Sa·
2006 943 2008 948 .

543 971 600 1014 cra
613 951 751 1013 fibiante
764 948 1034 1011 Reiormstionem
1051 959 1274 1031 competente,
1292 950 1356 1030 spei
1371 947 1439 1022 illl,
1461 947 1485 1009 sr
1502 965 1616 1010 verum
1635 948 1694 1021 cst,
1715 953 1810 1015 onice'
1826 956 1918 1017 attri-

538 1033 688 1102 buimus,
711 1048 772 1109 qua
788 1028 892 1103 runi,
913 1031 1064 1093 unionem
1083 1029 1232 1096 Ecclefiae
1251 1031 1355 1094 minus
1368 1028 1457 1093 Pacis
1477 1028 1699 1110 Weltpbalicre
1719 1034 1915 1098 mutationes

539 1111 764 1193 expet’tabant.
800 1109 920 1173 Verum
937 1112 1045 1252 itapue
1059 1109 1119 1182 est,
1142 1112 1229 1190 quod
1243 1111 1314 1174 asto
1352 1112 1451 1180 rimo,
1474 1109 1551 1171 licet
1567 1129 1632 1171 non
1647 1110 1783 1174 secundo
1796 1112 1917 1177 habue-

538 1197 626 1263 rint,
647 1193 679 1255 id
692 1191 778 1273 quod
791 1192 917 1254 demum
932 1191 965 1252 in
1006 1192 1205 1258 deificatione
1217 1192 1301 1254 nacti
1313 1223 1316 1228 ·
1329 1203 1404 1263 unt,
1426 1190 1499 1253 binc
1510 1188 1607 1254 hodie
1619 1201 1711 1254 extra
1722 1205 1918 1262 controver.

538 1274 617 1338 fiam
634 1281 752 1335 tenent.
797 1270 1061 1349 Quandoquidem
1072 1288 1169 1352 porro
1184 1270 1293 1333 Status
1312 1270 1469 1334 Catholici
1484 1273 1516 1333 in
1530 1270 1706 1335 Receffibur
1719 1271 1765 1336 lm
1808 1278 1845 1339 rii
1854 1264 1936 1343 ex‘-

543 1353 642 1418 Paeto
655 1372 761 1414 coram
777 1350 955 1431 Religionis
968 1352 1002 1413 in
1020 1351 1095 1414 suos
1115 1350 1206 1413 fimul
1220 1352 1403 1425 obtinuere,
1423 1353 1455 1414 in
1469 1350 1529 1413 bac
1539 1351 1748 1417 Conceffione
1777 1359 1915 1419 undatur

541 1434 655 1498 Praxis
672 1432 727 1495 illa
740 1434 868 1494 notoria
882 1427 1014 1511 adqiram
1028 1432 1061 1514 3.
1072 1450 1125 1525 go.
1139 1443 1319 1514 provocet,
1340 1432 1468 1513 quoties
1487 1433 1497 1493 i
1522 1433 1586 1494 itur
1597 1432 1709 1510 sllqnis
1723 1455 1767 1498 ex
1787 1437 1850 1500 illis
1864 1439 1916 1500 in·

542 1515 735 1595 terpretibus
751 1511 925 1575 Catholicis
937 1512 1027 1574 illud
1041 1513 1174 1592 objicit,
1194 1512 1382 1574 catholicos
1399 1519 1474 1573 ante
1515 1532 1601 1577 ocem
1619 1512 1792 1595 Wcstpbal.
1807 1520 1914 1581 minua

541 1594 619 1672 Jure
633 1593 688 1658 suo
709 1593 837 1673 gavisos
858 1590 967 1666 fuisse,
987 1593 1041 1655 ille
1063 1610 1131 1654 non
1151 1592 1260 1666 solum,
1275 1593 1397 1658 ulitatae
1418 1590 1533 1668 Praxi,
1556 1592 1712 1668 sedetiam
1734 1595 1914 1662 Receffibur

544 1676 672 1757 lmperii
692 1691 810 1755 magno
833 1672 908 1734 ausu
928 1673 973 1735 el't
990 1674 1177 1738 contrarius.
1220 1673 1269 1747 Ita
1294 1676 1378 1736 enirn
1400 1669 1506 1755 Rereff.
1528 1674 1617 1754 Imm
1630 1675 1769 1741 Norimb.
1789 1678 1827 1740 dr
1843 1680 1913 1742 Aa.

544 1774 638 1837 1524.
652 1755 678 1835 i.
690 1772 742 1832 ap.
761 1751 864 1816 officii
876 1754 1027 1816 admonet
1037 1753 1164 1827 Statua,
1183 1762 1341 1818 ntcuram
1354 1753 1537 1834 adhibeant,
1560 1772 1624 1833 qno
1636 1755 1764 1836 Religio
1777 1760 1838 1826 rite
1854 1760 1916 1821 do-

541 1848 654 1927 ceatpr
673 1835 741 1897 add.
758 1828 865 1929 Recrffi
883 1835 962 1917 Imp.
980 1834 1120 1915 Augurii
1135 1837 1172 1897 de
1189 1835 1258 1899 An.
1275 1855 1291 1897 1
1314 1853 1334 1895 2
1357 1882 1364 1897 .
1383 1838 1412 1913 §.
1431 1834 1496 1896 arud
1514 1833 1590 1898 naria
1607 1821 1673 1898 dem
1690 1838 1779 1903 verb.
1800 1838 1844 1901 So
1875 1842 1914 1901 oli

542 1920 596 1980 ein
613 1915 681 1998 pede
697 1915 869 1995 Obrrgiert,
885 1915 929 1995 ste
938 1913 998 2058 fg
1009 1916 1065 1977 (lei
1090 1915 1176 1977 licius
1194 1917 1266 1980 oder
1320 1853 1444 1980 ebrietes
1465 1913 1597 1977 Standcs
1613 1916 1808 2000 rinfleifflges
1863 1917 1916 2001 uf-

545 1997 681 2066 merten
692 1995 755 2057 arrd
768 1994 934 2077 ernfllirlrer
995 1997 1050 2058 'ne
1070 2015 1105 2057 err
1118 1996 1230 2069 baben,
1253 1994 1320 2078 dass
1333 1999 1368 2057 in
1386 1995 1473 2056 ihren
1491 1994 1753 2077 Frirjlentlrumen,
1774 1999 1915 2076 Lorrdm,

543 2078 612 2140 rand
628 2075 783 2147 Geticus,
796 2075 852 2137 dar
867 2075 988 2157 Heiligr
1027 2095 1088 2137 van
1111 2077 1226 2150 elium,
1240 2078 1305 2138 ond
1320 2075 1457 2138 GOtter-
1475 2071 1578 2146 Wort,
1592 2075 1669 2139 anch
1681 2074 1914 2143 Rectissime·

1086 2095 1265 2240 {elatrang
1282 2155 1421 2225 (tortas-
1437 2153 1521 2234 Lot,
1537 2154 1691 2232 fflrirderr,
1710 2160 1775 2231 rand
1795 2162 1917 2245 linig·

545 2177 604 2221 rea
620 2154 766 2239 Verssnrrd
776 2154 835 2217 olan
844 2154 1013 2237 AErgrrrrr's
1027 2174 1071 2223 zu

542 2239 608 2314 leit
623 2236 800 2328 geprrdigrt
811 2235 920 2308 werde.

1056 2409 1093 2496 s.
1143 2395 1302 2475 xxm.

553 2569 763 2670 Principibus
776 2569 917 2668 Imperii
934 2588 974 2642 er
985 2570 1069 2667 Jure
1082 2570 1251 2641 canonico
1264 2572 1347 2667 Jura
1363 2565 1503 2641 Ordinis
1516 2564 1549 2640 dr
1564 2564 1755 2640 oioecesana
1771 2567 1913 2643 attribui

476 2696 550 2744 ,nus
565 2692 735 2768 poterant,
758 2691 833 2740 curn
848 2669 918 2739 baec
933 2665 993 2738 fint
1009 2663 1185 2739 essentialis
1199 2667 1385 2757 Religionis
1397 2665 1597 2747 Catholicae,
1620 2664 1705 2736 bene
1725 2686 1834 2736 tomen
1847 2671 1915 2735 Per

478 2767 661 2865 ellphslica
675 2789 713 2838 ex
728 2765 1006 2861 JureTerritorii
1022 2761 1305 2855 poterarstatibus
1315 2761 1496 2833 Catholicis
1507 2764 1568 2857 Jus
1584 2764 1777 2833 circsSscrs
1789 2764 1826 2829 in
1841 2757 1918 2829 sub-

476 2888 528 2937 tos
547 2872 589 2934 Α.
605 2868 648 2933 Ο,
664 2862 861 2940 attribuere,
886 2883 990 2953 quere
1009 2859 1121 2942 vides,
1148 2861 1299 2932 conones
1322 2854 1591 2929 &instromenta
1612 2858 1703 2929 Pacis
1725 2859 1760 2927 in
1785 2852 1916 2926 Punite

477 2958 687 3033 risditlionis
707 2953 933 3031 Ecclelaiticae
959 2952 1157 3053 Qraestiosir
1175 2952 1234 3028 fibi
1252 2980 1321 3028 non
1341 2950 1404 3029 effe
1424 2956 1609 3050 contparin,
1634 2974 1691 3027 eut
1712 2976 1817 3025 unum
1837 2951 1918 3023 slte-

477 3080 514 3128 m
539 3054 652 3128 rursus
676 3054 851 3151 impedire.

476 3183 523 3253 Et
537 3186 688 3268 qnoniam
707 3182 819 3247 subditi
837 3181 1047 3248 Protestanres
1065 3183 1182 3265 absque
1193 3180 1245 3280 bip
1260 3178 1603 3282 effentialibnsnostrn
1614 3181 1689 3280 fidei
1707 3196 1832 3245 manere
1844 3176 1917 3263 pos·
1974 3245 1977 3249 ,
2051 3203 2067 3215 s

552 3264 922 3429 bllssiru‘ss‘slc‘iblssl
936 3262 1921 3426 stntlltntllltnlilltltl‘vzlillistrgltlt

553 3427 711 3490 difforme.
752 3424 933 3487 Dolendum
950 3445 1031 3490 vero
1045 3426 1105 3501 est,
1126 3426 1211 3507 quod
1226 3425 1345 3506 privati
1360 3437 1396 3486 ut
1411 3425 1579 3506 plurImnnr
1594 3426 1627 3488 id
1671 3426 1781 3486 omino
1795 3421 1918 3484 Catho·
1963 3462 1967 3471 ·

554 3509 619 3572 lico
635 3509 667 3570 in
684 3506 813 3569 dubium
830 3516 970 3578 vocent,
1001 3509 1088 3587 qnod
1106 3517 1210 3569 tamen
1227 3505 1300 3568 alibi
1317 3504 1419 3566 instro
1435 3504 1576 3588 Principe
1591 3526 1635 3567 ex
1653 3505 1815 3587 principiis
1833 3502 1918 3575 Juris

552 3590 671 3672 publici
690 3587 893 3659 universalis,
912 3586 946 3648 dt
967 3585 1045 3650 Pace
1056 3585 1268 3669 Westpbalica
1286 3584 1325 3646 ad
1340 3584 1550 3649 neceffitatem
1569 3584 1694 3668 Imperii
1717 3584 1751 3647 δι
1771 3584 1921 3646 securita-

554 3673 598 3733 tis
614 3669 763 3731 relerunt.
806 3666 945 3730 Permisit
962 3668 1005 3729 ita
1028 3686 1068 3729 ue
1088 3667 1152 3730 Pax
1165 3665 1377 3749 Westpbalica
1400 3667 1550 3729 omnibus
1563 3666 1704 3729 Statibus
1723 3664 1920 3727 immediatis

554 3749 703 3830 quicquid
715 3748 840 3810 Ordinis
856 3750 955 3829 gratia
969 3686 1219 3829 adbleligionem
1234 3748 1380 3830 pertinet.
1423 3746 1583 3830 Exceptio
1594 3748 1677 3809 enlm
1693 3746 1798 3809 firmat
1815 3753 1912 3826 regu·

554 3833 629 3900 lam,
648 3830 757 3910 quodsi
770 3830 867 3910 igitur
879 3830 1021 3892 Domino
1033 3826 1232 3891 Territoriali
1247 3823 1505 3908 nolla'dilpofitio
1519 3830 1674 3912 competit
1687 3828 1769 3889 circs
1782 3847 1830 3897 er,
1867 3842 1920 3886 uae

555 3911 696 3990 spestrnt
710 3911 747 3971 ad
761 3910 973 3991 Augustsnam
987 3908 1237 3980 contessionem,
1259 3928 1318 3971 ceu
1338 3926 1410 3989 quae
1432 3910 1584 3973 credenda
1604 3908 1639 3978 dr
1658 3910 1780 3971 interna
1802 3845 1918 3969 Cabur

554 3991 667 4057 Divini
681 3992 851 4073 attingunt,
865 4011 907 4052 eo
920 3992 1020 4072 magis
1033 4009 1112 4072 ergo
1122 3991 1256 4064 curabit,
1275 4007 1346 4070 quae
1360 3989 1398 4051 ad
1409 3990 1560 4054 Ordinem
1573 3989 1748 4071 Religionis
1763 3988 1780 4051 l
1797 3986 1915 4057 estant,

556 4094 618 4138 ceu
633 4075 664 4137 in
679 4072 791 4153 quibus
807 4071 908 4134 adhuc
921 4073 1056 4134 multum
1071 4073 1200 4135 arbitrio
1212 4069 1353 4132 humano
1366 4090 1410 4132 ex
1421 4070 1495 4142 Jure
1507 4072 1633 4154 publico
1646 4072 1680 4134 dt
1694 4007 1920 4153 praelibatione

557 4173 624 4237 qno
643 4155 680 4216 ad
699 4154 912 4235 specialiorem
927 4154 1219 4216 determinationem
1241 4149 1383 4215 relictum
1404 4150 1465 4223 est,
1486 4154 1635 4231 quoniam
1652 4154 1685 4214 in
1706 4151 1769 4213 hoc
1789 4147 1921 4230 ponito

557 4235 701 4299 astiones
717 4233 910 4304 subditorum
932 4254 974 4295 ex
999 4233 1198 4306 necellltste,
1220 4232 1255 4296 δι
1271 4234 1409 4294 utilitate
1422 4231 1545 4315 publica
1558 4231 1674 4298 subell'e
1687 4234 1802 4295 debent
1813 4230 1924 4310 Impe-

556 4317 610 4379 rio
623 4314 719 4413 Civili
732 4337 766 4413 ⁶⁰.
783 4334 815 4395 g.
831 4324 869 4412 pt
884 4313 1266 4412 Protestantesraschatn
1281 4313 1371 4376 Festo
1385 4312 1623 4412 catholicorum
1636 4314 1829 4413 alpboribus
1839 4328 1923 4408 ‘curn

557 4393 1425 4561 ltsstltlt'tilirtlllllllsstlslfilillt
1439 4394 1924 4558 lli:ltlttltils‘llttt

487 4637 491 4646 Ι
560 4557 644 4621 velit
664 4574 758 4638 agere
767 4556 801 4622 in
813 4555 972 4639 eiusmodi
986 4555 1081 4626 festia
1100 4555 1239 4626 subditur
1253 4558 1294 4623 A.
1313 4556 1349 4619 C.
1364 4551 1508 4622 Provillo
1523 4556 1596 4625 talia
1608 4555 1759 4642 Principis
1777 4553 1925 4637 alicujua,

483 4640 628 4747 fomur
655 4638 725 4721 W.
1291 4644 1349 4713 Aa
1373 4663 1419 4714 aa
1851 4652 1927 4720 ‘1¹¹ae
