<?xml version="1.0" encoding="UTF-8"?>
<!DOCTYPE html PUBLIC "-//W3C//DTD XHTML 1.0 Transitional//EN"
    "http://www.w3.org/TR/xhtml1/DTD/xhtml1-transitional.dtd">
<html xmlns="http://www.w3.org/1999/xhtml" xml:lang="en" lang="en">
 <head>
  <title>
</title>
<meta http-equiv="Content-Type" content="text/html;charset=utf-8" />
  <meta name='ocr-system' content='tesseract 3.04.00' />
  <meta name='ocr-capabilities' content='ocr_page ocr_carea ocr_par ocr_line ocrx_word'/>
</head>
<body>
  <div class='ocr_page' id='page_1' title='image "./thesavrvsivrise04schmgoog_0554.png"; bbox 0 0 4950 5567; ppageno 0'>
   <div class='ocr_carea' id='block_1_1' title="bbox 356 643 563 740">
    <p class='ocr_par' dir='ltr' id='par_1_1' title="bbox 356 643 563 740">
     <span class='ocr_line' id='line_1_1' title="bbox 356 643 563 740; baseline -0.072 0"><span class='ocrx_word' id='word_1_1' title='bbox 356 727 360 740; x_wconf 94' lang='lat'>.</span> <span class='ocrx_word' id='word_1_2' title='bbox 489 643 563 738; x_wconf 59' lang='lat' dir='ltr'>5ss</span> 
     </span>
    </p>
   </div>
   <div class='ocr_carea' id='block_1_2' title="bbox 944 607 1529 695">
    <p class='ocr_par' dir='ltr' id='par_1_2' title="bbox 944 607 1529 695">
     <span class='ocr_line' id='line_1_2' title="bbox 944 607 1529 695; baseline -0.009 0"><span class='ocrx_word' id='word_1_3' title='bbox 944 607 1529 695; x_wconf 72' lang='lat' dir='ltr'>utssuuusuto</span> 
     </span>
    </p>
   </div>
   <div class='ocr_carea' id='block_1_3' title="bbox 514 791 1924 1276">
    <p class='ocr_par' dir='ltr' id='par_1_3' title="bbox 514 791 1924 1276">
     <span class='ocr_line' id='line_1_3' title="bbox 514 791 1924 896; baseline 0 -24"><span class='ocrx_word' id='word_1_4' title='bbox 514 845 516 850; x_wconf 93' lang='lat'>-</span> <span class='ocrx_word' id='word_1_5' title='bbox 605 819 680 894; x_wconf 74' lang='lat' dir='ltr'>qne</span> <span class='ocrx_word' id='word_1_6' title='bbox 691 795 857 873; x_wconf 80' lang='lat' dir='ltr'>efficiunt,</span> <span class='ocrx_word' id='word_1_7' title='bbox 877 801 917 862; x_wconf 91' lang='lat' dir='ltr'>ut</span> <span class='ocrx_word' id='word_1_8' title='bbox 930 793 1139 880; x_wconf 75' lang='lat' dir='ltr'>questionem</span> <span class='ocrx_word' id='word_1_9' title='bbox 1182 791 1408 896; x_wconf 58' lang='lat' dir='ltr'>uindicialem</span> <span class='ocrx_word' id='word_1_10' title='bbox 1421 793 1553 862; x_wconf 84' lang='lat' dir='ltr'>subditis</span> <span class='ocrx_word' id='word_1_11' title='bbox 1564 813 1705 866; x_wconf 70' lang='lat' dir='ltr'>mcum</span> <span class='ocrx_word' id='word_1_12' title='bbox 1716 798 1838 880; x_wconf 84' lang='lat' dir='ltr'>liceat,</span> <span class='ocrx_word' id='word_1_13' title='bbox 1853 805 1924 895; x_wconf 80' lang='lat' dir='ltr'>deq</span> 
     </span>
     <span class='ocr_line' id='line_1_4' title="bbox 604 877 1924 988; baseline -0.006 -30"><span class='ocrx_word' id='word_1_14' title='bbox 604 892 667 960; x_wconf 79' lang='lat' dir='ltr'>bur</span> <span class='ocrx_word' id='word_1_15' title='bbox 679 888 726 988; x_wconf 46' lang='grc' dir='ltr'>οὺ.</span> <span class='ocrx_word' id='word_1_16' title='bbox 738 885 894 950; x_wconf 82' lang='lat' dir='ltr'>unitatem</span> <span class='ocrx_word' id='word_1_17' title='bbox 903 877 993 946; x_wconf 87' lang='lat' dir='ltr'>Fidei</span> <span class='ocrx_word' id='word_1_18' title='bbox 1007 879 1141 978; x_wconf 80' lang='lat' dir='ltr'>Domini</span> <span class='ocrx_word' id='word_1_19' title='bbox 1200 879 1397 979; x_wconf 64' lang='lat' dir='ltr'>snpdrtorutn</span> <span class='ocrx_word' id='word_1_20' title='bbox 1413 898 1574 963; x_wconf 85' lang='lat' dir='ltr'>nunqnam</span> <span class='ocrx_word' id='word_1_21' title='bbox 1589 885 1758 986; x_wconf 73' lang='lat' dir='ltr'>cogitavit</span> <span class='ocrx_word' id='word_1_22' title='bbox 1767 887 1904 986; x_wconf 37' lang='lat' dir='ltr'>‘pristim</span> <span class='ocrx_word' id='word_1_23' title='bbox 1920 899 1924 958; x_wconf 76' lang='lat' dir='ltr'>t</span> 
     </span>
     <span class='ocr_line' id='line_1_5' title="bbox 601 959 1924 1142; baseline 0 -20"><span class='ocrx_word' id='word_1_24' title='bbox 601 959 1924 1142; x_wconf 55' lang='lat' dir='ltr'>ltlltttfiitstltsittffitt„lffitlttltttstit‘sssssftlls‘milsl</span> 
     </span>
     <span class='ocr_line' id='line_1_6' title="bbox 600 1125 1923 1276; baseline 0.002 -73"><span class='ocrx_word' id='word_1_25' title='bbox 600 1137 709 1205; x_wconf 84' lang='lat' dir='ltr'>ritorii</span> <span class='ocrx_word' id='word_1_26' title='bbox 716 1131 864 1200; x_wconf 77' lang='lat' dir='ltr'>Direstur</span> <span class='ocrx_word' id='word_1_27' title='bbox 875 1125 1085 1201; x_wconf 82' lang='lat' dir='ltr'>illiusJudicii</span> <span class='ocrx_word' id='word_1_28' title='bbox 1095 1127 1192 1192; x_wconf 89' lang='lat' dir='ltr'>suerit</span> <span class='ocrx_word' id='word_1_29' title='bbox 1200 1169 1212 1204; x_wconf 95' lang='lat'>,</span> <span class='ocrx_word' id='word_1_30' title='bbox 1229 1145 1270 1190; x_wconf 79' lang='lat' dir='ltr'>en</span> <span class='ocrx_word' id='word_1_31' title='bbox 1284 1126 1400 1191; x_wconf 88' lang='lat' dir='ltr'>subdrti</span> <span class='ocrx_word' id='word_1_32' title='bbox 1414 1131 1546 1276; x_wconf 53' lang='lat' dir='ltr'>proprio</span> <span class='ocrx_word' id='word_1_33' title='bbox 1558 1129 1633 1204; x_wconf 89' lang='lat' dir='ltr'>Jnre</span> <span class='ocrx_word' id='word_1_34' title='bbox 1648 1132 1733 1196; x_wconf 93' lang='lat' dir='ltr'>illud</span> <span class='ocrx_word' id='word_1_35' title='bbox 1746 1133 1923 1218; x_wconf 83' lang='lat' dir='ltr'>habuerint,</span> 
     </span>
    </p>
   </div>
   <div class='ocr_carea' id='block_1_4' title="bbox 587 1209 1926 2864">
    <p class='ocr_par' dir='ltr' id='par_1_4' title="bbox 595 1209 1925 2034">
     <span class='ocr_line' id='line_1_7' title="bbox 601 1209 1924 1383; baseline -0.002 -15"><span class='ocrx_word' id='word_1_36' title='bbox 601 1217 811 1368; x_wconf 66' lang='lat' dir='ltr'>estest</span> <span class='ocrx_word' id='word_1_37' title='bbox 824 1210 1261 1360; x_wconf 59' lang='lat' dir='ltr'>attestatius</span> <span class='ocrx_word' id='word_1_38' title='bbox 1272 1209 1466 1357; x_wconf 66' lang='lat' dir='ltr'>satta</span> <span class='ocrx_word' id='word_1_39' title='bbox 1476 1213 1924 1383; x_wconf 44' lang='lat' dir='ltr'>staretstart:</span> 
     </span>
     <span class='ocr_line' id='line_1_8' title="bbox 626 1340 1924 1476; baseline -0.005 -26"><span class='ocrx_word' id='word_1_40' title='bbox 626 1386 692 1450; x_wconf 89' lang='lat' dir='ltr'>ebit</span> <span class='ocrx_word' id='word_1_41' title='bbox 706 1340 840 1466; x_wconf 67' lang='lat' dir='ltr'>aliquis,</span> <span class='ocrx_word' id='word_1_42' title='bbox 859 1376 992 1441; x_wconf 85' lang='lat' dir='ltr'>sorlitan</span> <span class='ocrx_word' id='word_1_43' title='bbox 1003 1375 1131 1476; x_wconf 81' lang='lat' dir='ltr'>prorsus</span> <span class='ocrx_word' id='word_1_44' title='bbox 1143 1376 1183 1439; x_wconf 88' lang='lat' dir='ltr'>ad</span> <span class='ocrx_word' id='word_1_45' title='bbox 1196 1373 1402 1440; x_wconf 79' lang='lat' dir='ltr'>catholicum</span> <span class='ocrx_word' id='word_1_46' title='bbox 1411 1375 1630 1444; x_wconf 72' lang='lat' dir='ltr'>successorem</span> <span class='ocrx_word' id='word_1_47' title='bbox 1641 1400 1713 1446; x_wconf 92' lang='lat' dir='ltr'>uon</span> <span class='ocrx_word' id='word_1_48' title='bbox 1726 1349 1888 1464; x_wconf 74' lang='lat' dir='ltr'>pertinere</span> <span class='ocrx_word' id='word_1_49' title='bbox 1895 1408 1924 1472; x_wconf 79' lang='lat' dir='ltr'>qu</span> 
     </span>
     <span class='ocr_line' id='line_1_9' title="bbox 599 1405 1925 1545; baseline 0 -12"><span class='ocrx_word' id='word_1_50' title='bbox 599 1405 737 1536; x_wconf 46' lang='lat' dir='ltr'>{ionem</span> <span class='ocrx_word' id='word_1_51' title='bbox 754 1504 764 1538; x_wconf 93' lang='lat'>,</span> <span class='ocrx_word' id='word_1_52' title='bbox 783 1481 824 1526; x_wconf 89' lang='lat' dir='ltr'>an</span> <span class='ocrx_word' id='word_1_53' title='bbox 842 1457 1038 1525; x_wconf 83' lang='lat' dir='ltr'>Confistorro</span> <span class='ocrx_word' id='word_1_54' title='bbox 1051 1457 1215 1542; x_wconf 80' lang='lat' dir='ltr'>praefuerit</span> <span class='ocrx_word' id='word_1_55' title='bbox 1230 1457 1401 1540; x_wconf 79' lang='lat' dir='ltr'>dirigendo</span> <span class='ocrx_word' id='word_1_56' title='bbox 1416 1458 1565 1545; x_wconf 75' lang='lat' dir='ltr'>Princeps</span> <span class='ocrx_word' id='word_1_57' title='bbox 1582 1463 1623 1529; x_wconf 82' lang='lat' dir='ltr'>A.</span> <span class='ocrx_word' id='word_1_58' title='bbox 1636 1463 1673 1529; x_wconf 84' lang='lat' dir='ltr'>C.</span> <span class='ocrx_word' id='word_1_59' title='bbox 1688 1466 1845 1534; x_wconf 76' lang='lat' dir='ltr'>addistus</span> <span class='ocrx_word' id='word_1_60' title='bbox 1861 1471 1925 1536; x_wconf 81' lang='lat' dir='ltr'>&amp;l</span> 
     </span>
     <span class='ocr_line' id='line_1_10' title="bbox 599 1539 1925 1621; baseline -0.001 -6"><span class='ocrx_word' id='word_1_61' title='bbox 599 1545 758 1621; x_wconf 83' lang='lat' dir='ltr'>tecell&#39;or,</span> <span class='ocrx_word' id='word_1_62' title='bbox 780 1546 857 1608; x_wconf 84' lang='lat' dir='ltr'>duan</span> <span class='ocrx_word' id='word_1_63' title='bbox 872 1541 1076 1605; x_wconf 86' lang='lat' dir='ltr'>Catholicum</span> <span class='ocrx_word' id='word_1_64' title='bbox 1098 1539 1316 1606; x_wconf 85' lang='lat' dir='ltr'>Successorem</span> <span class='ocrx_word' id='word_1_65' title='bbox 1337 1539 1453 1606; x_wconf 86' lang='lat' dir='ltr'>Annus</span> <span class='ocrx_word' id='word_1_66' title='bbox 1473 1544 1674 1610; x_wconf 87' lang='lat' dir='ltr'>decretorius</span> <span class='ocrx_word' id='word_1_67' title='bbox 1686 1548 1925 1619; x_wconf 83' lang='lat' dir='ltr'>abstinere&#39;nbe</span> 
     </span>
     <span class='ocr_line' id='line_1_11' title="bbox 598 1572 1925 1724; baseline 0.002 -27"><span class='ocrx_word' id='word_1_68' title='bbox 598 1630 647 1696; x_wconf 83' lang='lat' dir='ltr'>asi</span> <span class='ocrx_word' id='word_1_69' title='bbox 657 1630 809 1714; x_wconf 84' lang='lat' dir='ltr'>qnoniam</span> <span class='ocrx_word' id='word_1_70' title='bbox 823 1626 857 1690; x_wconf 88' lang='lat' dir='ltr'>in</span> <span class='ocrx_word' id='word_1_71' title='bbox 869 1634 936 1688; x_wconf 87' lang='lat' dir='ltr'>tam</span> <span class='ocrx_word' id='word_1_72' title='bbox 948 1623 1055 1721; x_wconf 55' lang='lat' dir='ltr'>arejtos</span> <span class='ocrx_word' id='word_1_73' title='bbox 1067 1621 1237 1690; x_wconf 77' lang='lat' dir='ltr'>cancellos</span> <span class='ocrx_word' id='word_1_74' title='bbox 1251 1621 1386 1724; x_wconf 62' lang='lat' dir='ltr'>effeetus</span> <span class='ocrx_word' id='word_1_75' title='bbox 1397 1623 1484 1690; x_wconf 84' lang='lat' dir='ltr'>Anni</span> <span class='ocrx_word' id='word_1_76' title='bbox 1503 1625 1674 1693; x_wconf 89' lang='lat' dir='ltr'>decretorii</span> <span class='ocrx_word' id='word_1_77' title='bbox 1687 1572 1925 1716; x_wconf 53' lang='lat' dir='ltr'>redigeresuet</span> 
     </span>
     <span class='ocr_line' id='line_1_12' title="bbox 598 1705 1925 1792; baseline 0.002 -13"><span class='ocrx_word' id='word_1_78' title='bbox 598 1714 696 1779; x_wconf 90' lang='lat' dir='ltr'>surdo</span> <span class='ocrx_word' id='word_1_79' title='bbox 714 1729 783 1776; x_wconf 92' lang='lat' dir='ltr'>non</span> <span class='ocrx_word' id='word_1_80' title='bbox 801 1707 930 1781; x_wconf 84' lang='lat' dir='ltr'><strong>licebit,</strong></span> <span class='ocrx_word' id='word_1_81' title='bbox 948 1707 992 1772; x_wconf 90' lang='lat' dir='ltr'>ob</span> <span class='ocrx_word' id='word_1_82' title='bbox 1006 1705 1165 1771; x_wconf 76' lang='lat' dir='ltr'>effionem</span> <span class='ocrx_word' id='word_1_83' title='bbox 1182 1725 1245 1770; x_wconf 88' lang='lat' dir='ltr'>nec</span> <span class='ocrx_word' id='word_1_84' title='bbox 1264 1723 1313 1770; x_wconf 85' lang='lat' dir='ltr'>ma</span> <span class='ocrx_word' id='word_1_85' title='bbox 1340 1726 1373 1770; x_wconf 87' lang='lat' dir='ltr'>nr</span> <span class='ocrx_word' id='word_1_86' title='bbox 1387 1709 1541 1789; x_wconf 83' lang='lat' dir='ltr'>ponderis</span> <span class='ocrx_word' id='word_1_87' title='bbox 1557 1705 1621 1776; x_wconf 84' lang='lat' dir='ltr'>effe</span> <span class='ocrx_word' id='word_1_88' title='bbox 1640 1714 1765 1780; x_wconf 79' lang='lat' dir='ltr'>exinde</span> <span class='ocrx_word' id='word_1_89' title='bbox 1820 1718 1904 1792; x_wconf 85' lang='lat' dir='ltr'>tcfit,</span> <span class='ocrx_word' id='word_1_90' title='bbox 1920 1743 1925 1782; x_wconf 94' lang='lat' dir='ltr'>t</span> 
     </span>
     <span class='ocr_line' id='line_1_13' title="bbox 597 1725 1925 1866; baseline -0.011 -2"><span class='ocrx_word' id='word_1_91' title='bbox 597 1793 703 1865; x_wconf 81' lang='lat' dir='ltr'>bimus</span> <span class='ocrx_word' id='word_1_92' title='bbox 720 1793 807 1859; x_wconf 86' lang='lat' dir='ltr'>enirn</span> <span class='ocrx_word' id='word_1_93' title='bbox 821 1809 891 1855; x_wconf 86' lang='lat' dir='ltr'>eam</span> <span class='ocrx_word' id='word_1_94' title='bbox 909 1725 1086 1854; x_wconf 63' lang='lat' dir='ltr'>notassem</span> <span class='ocrx_word' id='word_1_95' title='bbox 1100 1725 1348 1862; x_wconf 31' lang='lat' dir='ltr'>instantiam&amp;</span> <span class='ocrx_word' id='word_1_96' title='bbox 1366 1787 1476 1854; x_wconf 90' lang='lat' dir='ltr'>Prince</span> <span class='ocrx_word' id='word_1_97' title='bbox 1497 1811 1515 1854; x_wconf 90' lang='lat' dir='ltr'>s</span> <span class='ocrx_word' id='word_1_98' title='bbox 1533 1789 1639 1857; x_wconf 85' lang='lat' dir='ltr'>Sacris</span> <span class='ocrx_word' id='word_1_99' title='bbox 1656 1793 1759 1862; x_wconf 83' lang='lat' dir='ltr'>Prote</span> <span class='ocrx_word' id='word_1_100' title='bbox 1807 1801 1925 1866; x_wconf 64' lang='lat' dir='ltr'>afim,</span> 
     </span>
     <span class='ocr_line' id='line_1_14' title="bbox 595 1868 1925 1955; baseline -0.012 -9"><span class='ocrx_word' id='word_1_101' title='bbox 595 1877 704 1946; x_wconf 58' lang='lat' dir='ltr'>dietus</span> <span class='ocrx_word' id='word_1_102' title='bbox 718 1877 752 1941; x_wconf 88' lang='lat' dir='ltr'>iu</span> <span class='ocrx_word' id='word_1_103' title='bbox 765 1875 863 1940; x_wconf 80' lang='lat' dir='ltr'>Auno</span> <span class='ocrx_word' id='word_1_104' title='bbox 877 1873 1060 1937; x_wconf 90' lang='lat' dir='ltr'>decretorio</span> <span class='ocrx_word' id='word_1_105' title='bbox 1077 1871 1208 1955; x_wconf 76' lang='lat' dir='ltr'>ptaeliait</span> <span class='ocrx_word' id='word_1_106' title='bbox 1224 1868 1420 1935; x_wconf 85' lang='lat' dir='ltr'>Confistorio</span> <span class='ocrx_word' id='word_1_107' title='bbox 1434 1893 1480 1937; x_wconf 89' lang='lat' dir='ltr'>ve</span> <span class='ocrx_word' id='word_1_108' title='bbox 1510 1874 1668 1940; x_wconf 68' lang='lat' dir='ltr'>universe</span> <span class='ocrx_word' id='word_1_109' title='bbox 1682 1877 1925 1952; x_wconf 69' lang='lat' dir='ltr'>jurisdiffioffl</span> 
     </span>
     <span class='ocr_line' id='line_1_15' title="bbox 596 1952 1806 2034; baseline 0 -8"><span class='ocrx_word' id='word_1_110' title='bbox 596 1959 795 2030; x_wconf 79' lang='lat' dir='ltr'>clefiastlcae,</span> <span class='ocrx_word' id='word_1_111' title='bbox 816 1953 855 2020; x_wconf 69' lang='lat' dir='ltr'>E</span> <span class='ocrx_word' id='word_1_112' title='bbox 871 1953 1042 2018; x_wconf 84' lang='lat' dir='ltr'>Catholico</span> <span class='ocrx_word' id='word_1_113' title='bbox 1051 1952 1229 2018; x_wconf 88' lang='lat' dir='ltr'>Successori</span> <span class='ocrx_word' id='word_1_114' title='bbox 1241 1954 1280 2018; x_wconf 86' lang='lat' dir='ltr'>ab</span> <span class='ocrx_word' id='word_1_115' title='bbox 1294 1973 1333 2017; x_wconf 88' lang='lat' dir='ltr'>ea</span> <span class='ocrx_word' id='word_1_116' title='bbox 1347 1953 1563 2020; x_wconf 84' lang='lat' dir='ltr'>abstinendum</span> <span class='ocrx_word' id='word_1_117' title='bbox 1574 1956 1668 2034; x_wconf 83' lang='lat' dir='ltr'>ellet,</span> <span class='ocrx_word' id='word_1_118' title='bbox 1686 1959 1806 2028; x_wconf 87' lang='lat' dir='ltr'>fihuic</span> 
     </span>
    </p>

    <p class='ocr_par' dir='ltr' id='par_1_5' title="bbox 587 1983 1926 2864">
     <span class='ocr_line' id='line_1_16' title="bbox 595 1983 1925 2120; baseline -0.014 -10"><span class='ocrx_word' id='word_1_119' title='bbox 595 2054 636 2110; x_wconf 90' lang='lat' dir='ltr'>to</span> <span class='ocrx_word' id='word_1_120' title='bbox 653 2041 811 2108; x_wconf 87' lang='lat' dir='ltr'>calculum</span> <span class='ocrx_word' id='word_1_121' title='bbox 826 2035 1010 2111; x_wconf 79' lang='lat' dir='ltr'>adicimus,</span> <span class='ocrx_word' id='word_1_122' title='bbox 1032 2035 1086 2099; x_wconf 87' lang='lat' dir='ltr'>illa</span> <span class='ocrx_word' id='word_1_123' title='bbox 1101 2035 1217 2100; x_wconf 86' lang='lat' dir='ltr'>absona</span> <span class='ocrx_word' id='word_1_124' title='bbox 1227 2035 1352 2120; x_wconf 85' lang='lat' dir='ltr'>sequela</span> <span class='ocrx_word' id='word_1_125' title='bbox 1367 2038 1464 2102; x_wconf 89' lang='lat' dir='ltr'>etiarn</span> <span class='ocrx_word' id='word_1_126' title='bbox 1481 2039 1569 2103; x_wconf 84' lang='lat' dir='ltr'>vires</span> <span class='ocrx_word' id='word_1_127' title='bbox 1580 1983 1925 2113; x_wconf 50' lang='lat' dir='ltr'>nanciscor-etum</span> 
     </span>
     <span class='ocr_line' id='line_1_17' title="bbox 594 2055 1925 2197; baseline -0.01 -5"><span class='ocrx_word' id='word_1_128' title='bbox 594 2145 643 2191; x_wconf 89' lang='lat' dir='ltr'>no</span> <span class='ocrx_word' id='word_1_129' title='bbox 661 2121 844 2189; x_wconf 90' lang='lat' dir='ltr'>decretorio</span> <span class='ocrx_word' id='word_1_130' title='bbox 863 2055 953 2183; x_wconf 51' lang='lat' dir='ltr'>§axo</span> <span class='ocrx_word' id='word_1_131' title='bbox 969 2116 1005 2182; x_wconf 80' lang='lat' dir='ltr'>dt</span> <span class='ocrx_word' id='word_1_132' title='bbox 1019 2117 1180 2182; x_wconf 86' lang='lat' dir='ltr'>Palatinus</span> <span class='ocrx_word' id='word_1_133' title='bbox 1200 2120 1318 2185; x_wconf 65' lang='lat' dir='ltr'>addisci</span> <span class='ocrx_word' id='word_1_134' title='bbox 1336 2130 1426 2183; x_wconf 86' lang='lat' dir='ltr'>erant</span> <span class='ocrx_word' id='word_1_135' title='bbox 1442 2123 1483 2184; x_wconf 87' lang='grc' dir='ltr'>Α.</span> <span class='ocrx_word' id='word_1_136' title='bbox 1505 2121 1564 2197; x_wconf 87' lang='lat' dir='ltr'>C.,</span> <span class='ocrx_word' id='word_1_137' title='bbox 1585 2121 1621 2186; x_wconf 83' lang='lat' dir='ltr'>dr</span> <span class='ocrx_word' id='word_1_138' title='bbox 1635 2137 1757 2190; x_wconf 82' lang='lat' dir='ltr'>votum</span> <span class='ocrx_word' id='word_1_139' title='bbox 1778 2129 1815 2193; x_wconf 73' lang='lat' dir='ltr'>in</span> <span class='ocrx_word' id='word_1_140' title='bbox 1831 2129 1925 2196; x_wconf 72' lang='lat' dir='ltr'>conti</span> 
     </span>
     <span class='ocr_line' id='line_1_18' title="bbox 594 2199 1925 2291; baseline -0.007 -19"><span class='ocrx_word' id='word_1_141' title='bbox 594 2228 616 2272; x_wconf 81' lang='lat' dir='ltr'>a</span> <span class='ocrx_word' id='word_1_142' title='bbox 634 2205 831 2271; x_wconf 81' lang='lat' dir='ltr'>Protestante</span> <span class='ocrx_word' id='word_1_143' title='bbox 844 2200 989 2266; x_wconf 90' lang='lat' dir='ltr'>Domino</span> <span class='ocrx_word' id='word_1_144' title='bbox 1003 2199 1173 2267; x_wconf 86' lang='lat' dir='ltr'>Territorii</span> <span class='ocrx_word' id='word_1_145' title='bbox 1186 2202 1297 2265; x_wconf 85' lang='lat' dir='ltr'>datum</span> <span class='ocrx_word' id='word_1_146' title='bbox 1311 2202 1395 2277; x_wconf 90' lang='lat' dir='ltr'>suit,</span> <span class='ocrx_word' id='word_1_147' title='bbox 1411 2201 1450 2267; x_wconf 89' lang='lat' dir='ltr'>E.</span> <span class='ocrx_word' id='word_1_148' title='bbox 1473 2223 1577 2287; x_wconf 88' lang='lat' dir='ltr'>neque</span> <span class='ocrx_word' id='word_1_149' title='bbox 1587 2206 1623 2270; x_wconf 91' lang='lat' dir='ltr'>in</span> <span class='ocrx_word' id='word_1_150' title='bbox 1634 2205 1794 2291; x_wconf 80' lang='lat' dir='ltr'>Collegio</span> <span class='ocrx_word' id='word_1_151' title='bbox 1813 2208 1925 2278; x_wconf 49' lang='lat' dir='ltr'>Essem</span> 
     </span>
     <span class='ocr_line' id='line_1_19' title="bbox 594 2284 1926 2372; baseline -0.001 -14"><span class='ocrx_word' id='word_1_152' title='bbox 594 2289 622 2357; x_wconf 82' lang='lat' dir='ltr'>li</span> <span class='ocrx_word' id='word_1_153' title='bbox 634 2289 731 2355; x_wconf 89' lang='lat' dir='ltr'>hodie</span> <span class='ocrx_word' id='word_1_154' title='bbox 743 2284 902 2350; x_wconf 83' lang='lat' dir='ltr'>Palatinus</span> <span class='ocrx_word' id='word_1_155' title='bbox 922 2284 1030 2358; x_wconf 84' lang='lat' dir='ltr'>aliter,</span> <span class='ocrx_word' id='word_1_156' title='bbox 1053 2303 1091 2346; x_wconf 83' lang='lat' dir='ltr'>ac</span> <span class='ocrx_word' id='word_1_157' title='bbox 1104 2284 1136 2347; x_wconf 93' lang='lat' dir='ltr'>in</span> <span class='ocrx_word' id='word_1_158' title='bbox 1150 2284 1210 2348; x_wconf 92' lang='lat' dir='ltr'>illo</span> <span class='ocrx_word' id='word_1_159' title='bbox 1222 2286 1323 2349; x_wconf 83' lang='lat' dir='ltr'>Anno</span> <span class='ocrx_word' id='word_1_160' title='bbox 1337 2285 1451 2349; x_wconf 88' lang='lat' dir='ltr'>critico</span> <span class='ocrx_word' id='word_1_161' title='bbox 1465 2298 1584 2350; x_wconf 87' lang='lat' dir='ltr'>votum</span> <span class='ocrx_word' id='word_1_162' title='bbox 1595 2286 1681 2352; x_wconf 90' lang='lat' dir='ltr'>serre</span> <span class='ocrx_word' id='word_1_163' title='bbox 1694 2294 1841 2372; x_wconf 81' lang='lat' dir='ltr'>poterit:</span> <span class='ocrx_word' id='word_1_164' title='bbox 1861 2296 1926 2362; x_wconf 80' lang='lat' dir='ltr'>Atta</span> 
     </span>
     <span class='ocr_line' id='line_1_20' title="bbox 592 2364 1926 2450; baseline -0.002 -11"><span class='ocrx_word' id='word_1_165' title='bbox 592 2375 689 2438; x_wconf 80' lang='lat' dir='ltr'>tione</span> <span class='ocrx_word' id='word_1_166' title='bbox 705 2368 758 2435; x_wconf 87' lang='lat' dir='ltr'>sua</span> <span class='ocrx_word' id='word_1_167' title='bbox 772 2368 867 2450; x_wconf 78' lang='lat' dir='ltr'>digna</span> <span class='ocrx_word' id='word_1_168' title='bbox 885 2364 931 2430; x_wconf 84' lang='lat' dir='ltr'>est</span> <span class='ocrx_word' id='word_1_169' title='bbox 945 2366 1016 2429; x_wconf 86' lang='lat' dir='ltr'>haec</span> <span class='ocrx_word' id='word_1_170' title='bbox 1037 2364 1242 2439; x_wconf 86' lang='lat' dir='ltr'>observatio,</span> <span class='ocrx_word' id='word_1_171' title='bbox 1261 2368 1311 2432; x_wconf 93' lang='lat' dir='ltr'>nti</span> <span class='ocrx_word' id='word_1_172' title='bbox 1332 2379 1451 2431; x_wconf 86' lang='lat' dir='ltr'>votum</span> <span class='ocrx_word' id='word_1_173' title='bbox 1472 2367 1517 2432; x_wconf 86' lang='lat' dir='ltr'>est</span> <span class='ocrx_word' id='word_1_174' title='bbox 1527 2369 1693 2435; x_wconf 88' lang='lat' dir='ltr'>indubium</span> <span class='ocrx_word' id='word_1_175' title='bbox 1706 2391 1875 2441; x_wconf 85' lang='lat' dir='ltr'>annexum</span> <span class='ocrx_word' id='word_1_176' title='bbox 1892 2379 1926 2443; x_wconf 63' lang='grc' dir='ltr'>Τ.</span> 
     </span>
     <span class='ocr_line' id='line_1_21' title="bbox 592 2445 1924 2544; baseline -0.005 -22"><span class='ocrx_word' id='word_1_177' title='bbox 592 2455 718 2528; x_wconf 78' lang='lat' dir='ltr'>tltorii,</span> <span class='ocrx_word' id='word_1_178' title='bbox 738 2453 782 2518; x_wconf 89' lang='lat' dir='ltr'>ita</span> <span class='ocrx_word' id='word_1_179' title='bbox 795 2452 913 2534; x_wconf 76' lang='lat' dir='ltr'>vigore</span> <span class='ocrx_word' id='word_1_180' title='bbox 925 2448 1013 2513; x_wconf 86' lang='lat' dir='ltr'>Pacis</span> <span class='ocrx_word' id='word_1_181' title='bbox 1025 2445 1042 2521; x_wconf 89' lang='lat' dir='ltr'>J</span> <span class='ocrx_word' id='word_1_182' title='bbox 1044 2449 1211 2542; x_wconf 77' lang='lat' dir='ltr'>prisdittio</span> <span class='ocrx_word' id='word_1_183' title='bbox 1223 2447 1460 2523; x_wconf 84' lang='lat' dir='ltr'>Ecclesiasticr,</span> <span class='ocrx_word' id='word_1_184' title='bbox 1482 2470 1555 2515; x_wconf 87' lang='lat' dir='ltr'>cum</span> <span class='ocrx_word' id='word_1_185' title='bbox 1570 2471 1651 2515; x_wconf 89' lang='lat' dir='ltr'>vero</span> <span class='ocrx_word' id='word_1_186' title='bbox 1667 2455 1703 2518; x_wconf 91' lang='lat' dir='ltr'>in</span> <span class='ocrx_word' id='word_1_187' title='bbox 1715 2475 1757 2518; x_wconf 83' lang='lat' dir='ltr'>ea</span> <span class='ocrx_word' id='word_1_188' title='bbox 1777 2459 1881 2544; x_wconf 82' lang='lat' dir='ltr'>specie</span> <span class='ocrx_word' id='word_1_189' title='bbox 1889 2461 1924 2535; x_wconf 75' lang='lat' dir='ltr'>ju</span> 
     </span>
     <span class='ocr_line' id='line_1_22' title="bbox 590 2531 1926 2620; baseline -0.012 -16"><span class='ocrx_word' id='word_1_190' title='bbox 590 2534 813 2604; x_wconf 83' lang='lat' dir='ltr'>Territorialis</span> <span class='ocrx_word' id='word_1_191' title='bbox 834 2536 954 2615; x_wconf 87' lang='lat' dir='ltr'>absque</span> <span class='ocrx_word' id='word_1_192' title='bbox 982 2531 1116 2595; x_wconf 88' lang='lat' dir='ltr'>absurdo</span> <span class='ocrx_word' id='word_1_193' title='bbox 1141 2551 1209 2596; x_wconf 92' lang='lat' dir='ltr'>non</span> <span class='ocrx_word' id='word_1_194' title='bbox 1232 2531 1439 2606; x_wconf 83' lang='lat' dir='ltr'>excludatur,</span> <span class='ocrx_word' id='word_1_195' title='bbox 1460 2551 1542 2618; x_wconf 84' lang='lat' dir='ltr'>ergo</span> <span class='ocrx_word' id='word_1_196' title='bbox 1562 2553 1658 2600; x_wconf 83' lang='lat' dir='ltr'>neca</span> <span class='ocrx_word' id='word_1_197' title='bbox 1681 2537 1788 2620; x_wconf 73' lang='lat' dir='ltr'>parili,</span> <span class='ocrx_word' id='word_1_198' title='bbox 1831 2542 1926 2620; x_wconf 67' lang='lat' dir='ltr'>Quop</span> 
     </span>
     <span class='ocr_line' id='line_1_23' title="bbox 591 2613 1926 2700; baseline -0.008 -11"><span class='ocrx_word' id='word_1_199' title='bbox 591 2621 684 2689; x_wconf 80' lang='lat' dir='ltr'>final</span> <span class='ocrx_word' id='word_1_200' title='bbox 706 2619 745 2682; x_wconf 88' lang='lat' dir='ltr'>ad</span> <span class='ocrx_word' id='word_1_201' title='bbox 769 2614 916 2682; x_wconf 83' lang='lat' dir='ltr'>formalia</span> <span class='ocrx_word' id='word_1_202' title='bbox 938 2614 991 2678; x_wconf 87' lang='lat' dir='ltr'>illa</span> <span class='ocrx_word' id='word_1_203' title='bbox 1008 2613 1142 2697; x_wconf 82' lang='lat' dir='ltr'>probare</span> <span class='ocrx_word' id='word_1_204' title='bbox 1153 2623 1318 2699; x_wconf 73' lang='lat' dir='ltr'>poterunt,</span> <span class='ocrx_word' id='word_1_205' title='bbox 1339 2625 1486 2678; x_wconf 85' lang='lat' dir='ltr'>accurata</span> <span class='ocrx_word' id='word_1_206' title='bbox 1504 2625 1613 2682; x_wconf 87' lang='lat' dir='ltr'>mente</span> <span class='ocrx_word' id='word_1_207' title='bbox 1629 2621 1850 2700; x_wconf 65' lang='lat' dir='ltr'>attendimus,</span> <span class='ocrx_word' id='word_1_208' title='bbox 1870 2625 1926 2691; x_wconf 65' lang='lat' dir='ltr'>sent</span> 
     </span>
     <span class='ocr_line' id='line_1_24' title="bbox 589 2694 1926 2791; baseline -0.005 -21"><span class='ocrx_word' id='word_1_209' title='bbox 589 2702 826 2770; x_wconf 80' lang='lat' dir='ltr'>vocabulorum</span> <span class='ocrx_word' id='word_1_210' title='bbox 849 2716 963 2762; x_wconf 87' lang='lat' dir='ltr'>eornm</span> <span class='ocrx_word' id='word_1_211' title='bbox 981 2694 1085 2760; x_wconf 87' lang='lat' dir='ltr'>casum</span> <span class='ocrx_word' id='word_1_212' title='bbox 1100 2694 1135 2758; x_wconf 75' lang='lat' dir='ltr'>dt</span> <span class='ocrx_word' id='word_1_213' title='bbox 1157 2696 1304 2760; x_wconf 85' lang='lat' dir='ltr'>valorem</span> <span class='ocrx_word' id='word_1_214' title='bbox 1318 2696 1356 2759; x_wconf 87' lang='lat' dir='ltr'>ad</span> <span class='ocrx_word' id='word_1_215' title='bbox 1371 2695 1517 2761; x_wconf 84' lang='lat' dir='ltr'>futurum</span> <span class='ocrx_word' id='word_1_216' title='bbox 1538 2711 1711 2776; x_wconf 86' lang='lat' dir='ltr'>eventurn,</span> <span class='ocrx_word' id='word_1_217' title='bbox 1733 2703 1848 2770; x_wconf 90' lang='lat' dir='ltr'>nescio</span> <span class='ocrx_word' id='word_1_218' title='bbox 1864 2726 1926 2791; x_wconf 63' lang='lat' dir='ltr'>quet</span> 
     </span>
     <span class='ocr_line' id='line_1_25' title="bbox 587 2778 1926 2864; baseline -0.012 -11"><span class='ocrx_word' id='word_1_219' title='bbox 587 2788 757 2853; x_wconf 88' lang='lat' dir='ltr'>evidenter</span> <span class='ocrx_word' id='word_1_220' title='bbox 779 2781 903 2854; x_wconf 87' lang='lat' dir='ltr'>differt,</span> <span class='ocrx_word' id='word_1_221' title='bbox 921 2797 982 2842; x_wconf 89' lang='lat' dir='ltr'>nec</span> <span class='ocrx_word' id='word_1_222' title='bbox 996 2779 1041 2842; x_wconf 88' lang='lat' dir='ltr'>ita</span> <span class='ocrx_word' id='word_1_223' title='bbox 1063 2796 1143 2859; x_wconf 87' lang='lat' dir='ltr'>pure</span> <span class='ocrx_word' id='word_1_224' title='bbox 1158 2778 1298 2855; x_wconf 84' lang='lat' dir='ltr'>decidit,</span> <span class='ocrx_word' id='word_1_225' title='bbox 1316 2788 1354 2842; x_wconf 93' lang='lat' dir='ltr'>ut</span> <span class='ocrx_word' id='word_1_226' title='bbox 1371 2779 1457 2861; x_wconf 87' lang='lat' dir='ltr'>quali</span> <span class='ocrx_word' id='word_1_227' title='bbox 1478 2781 1625 2844; x_wconf 78' lang='lat' dir='ltr'>conclusa</span> <span class='ocrx_word' id='word_1_228' title='bbox 1641 2781 1733 2858; x_wconf 89' lang='lat' dir='ltr'>Pace,</span> <span class='ocrx_word' id='word_1_229' title='bbox 1768 2783 1884 2855; x_wconf 66' lang='lat' dir='ltr'>subditi</span> <span class='ocrx_word' id='word_1_230' title='bbox 1898 2790 1926 2864; x_wconf 67' lang='lat' dir='ltr'>J,</span> 
     </span>
    </p>
   </div>
   <div class='ocr_carea' id='block_1_5' title="bbox 440 2859 1926 2949">
    <p class='ocr_par' dir='ltr' id='par_1_6' title="bbox 440 2859 1926 2949">
     <span class='ocr_line' id='line_1_26' title="bbox 440 2859 1926 2949; baseline 0.007 -22"><span class='ocrx_word' id='word_1_231' title='bbox 440 2885 446 2895; x_wconf 95' lang='lat'><em>·</em></span> <span class='ocrx_word' id='word_1_232' title='bbox 586 2868 625 2932; x_wconf 82' lang='lat' dir='ltr'>dr</span> <span class='ocrx_word' id='word_1_233' title='bbox 642 2864 834 2949; x_wconf 79' lang='lat' dir='ltr'>obligationi</span> <span class='ocrx_word' id='word_1_234' title='bbox 851 2861 915 2926; x_wconf 77' lang='lat' dir='ltr'>snae</span> <span class='ocrx_word' id='word_1_235' title='bbox 927 2859 1154 2932; x_wconf 76' lang='lat' dir='ltr'>satisfecerint,</span> <span class='ocrx_word' id='word_1_236' title='bbox 1176 2859 1291 2944; x_wconf 84' lang='lat' dir='ltr'>jubent</span> <span class='ocrx_word' id='word_1_237' title='bbox 1307 2862 1429 2943; x_wconf 85' lang='lat' dir='ltr'>regulae</span> <span class='ocrx_word' id='word_1_238' title='bbox 1451 2865 1725 2946; x_wconf 80' lang='lat' dir='ltr'>interpretationis</span> <span class='ocrx_word' id='word_1_239' title='bbox 1739 2865 1843 2943; x_wconf 86' lang='lat' dir='ltr'>sanae,</span> <span class='ocrx_word' id='word_1_240' title='bbox 1863 2874 1926 2936; x_wconf 87' lang='lat' dir='ltr'>casu</span> 
     </span>
    </p>
   </div>
   <div class='ocr_carea' id='block_1_6' title="bbox 567 2941 1928 4789">
    <p class='ocr_par' dir='ltr' id='par_1_7' title="bbox 574 2941 1928 4109">
     <span class='ocr_line' id='line_1_27' title="bbox 585 2941 1924 3088; baseline -0.011 -72"><span class='ocrx_word' id='word_1_241' title='bbox 585 2951 783 3017; x_wconf 84' lang='lat' dir='ltr'>subditorum</span> <span class='ocrx_word' id='word_1_242' title='bbox 801 2943 1001 3028; x_wconf 86' lang='lat' dir='ltr'>probationis</span> <span class='ocrx_word' id='word_1_243' title='bbox 1017 2944 1049 3006; x_wconf 90' lang='lat' dir='ltr'>in</span> <span class='ocrx_word' id='word_1_244' title='bbox 1068 2941 1170 3005; x_wconf 88' lang='lat' dir='ltr'>secula</span> <span class='ocrx_word' id='word_1_245' title='bbox 1189 2945 1288 3007; x_wconf 87' lang='lat' dir='ltr'>etiam</span> <span class='ocrx_word' id='word_1_246' title='bbox 1296 2961 1500 3088; x_wconf 66' lang='lat' dir='ltr'>prorogare,</span> <span class='ocrx_word' id='word_1_247' title='bbox 1522 2965 1595 3009; x_wconf 84' lang='lat' dir='ltr'>cuna</span> <span class='ocrx_word' id='word_1_248' title='bbox 1608 2946 1679 3009; x_wconf 87' lang='lat' dir='ltr'>haec</span> <span class='ocrx_word' id='word_1_249' title='bbox 1697 2968 1792 3016; x_wconf 74' lang='lat' dir='ltr'>mem</span> <span class='ocrx_word' id='word_1_250' title='bbox 1808 2951 1924 3020; x_wconf 61' lang='lat' dir='ltr'>fueriti</span> 
     </span>
     <span class='ocr_line' id='line_1_28' title="bbox 584 3024 1926 3123; baseline -0.01 -25"><span class='ocrx_word' id='word_1_251' title='bbox 584 3034 682 3098; x_wconf 84' lang='lat' dir='ltr'>dubia</span> <span class='ocrx_word' id='word_1_252' title='bbox 708 3025 948 3113; x_wconf 76' lang='lat' dir='ltr'>paciscentium,</span> <span class='ocrx_word' id='word_1_253' title='bbox 982 3024 1136 3090; x_wconf 76' lang='lat' dir='ltr'>hastenus</span> <span class='ocrx_word' id='word_1_254' title='bbox 1167 3024 1273 3089; x_wconf 78' lang='lat' dir='ltr'>forsan</span> <span class='ocrx_word' id='word_1_255' title='bbox 1310 3028 1443 3090; x_wconf 89' lang='lat' dir='ltr'>nbenter</span> <span class='ocrx_word' id='word_1_256' title='bbox 1465 3047 1530 3089; x_wconf 91' lang='lat' dir='ltr'>non</span> <span class='ocrx_word' id='word_1_257' title='bbox 1555 3029 1726 3096; x_wconf 69' lang='lat' dir='ltr'>intellesta.</span> <span class='ocrx_word' id='word_1_258' title='bbox 1794 3033 1926 3123; x_wconf 63' lang='lat' dir='ltr'>Quemq,</span> 
     </span>
     <span class='ocr_line' id='line_1_29' title="bbox 584 3107 1927 3200; baseline -0.006 -20"><span class='ocrx_word' id='word_1_259' title='bbox 584 3118 671 3180; x_wconf 88' lang='lat' dir='ltr'>eninr</span> <span class='ocrx_word' id='word_1_260' title='bbox 694 3110 863 3177; x_wconf 86' lang='lat' dir='ltr'>secundum</span> <span class='ocrx_word' id='word_1_261' title='bbox 884 3130 938 3173; x_wconf 87' lang='lat' dir='ltr'>eas</span> <span class='ocrx_word' id='word_1_262' title='bbox 959 3107 1113 3171; x_wconf 85' lang='lat' dir='ltr'>notiones</span> <span class='ocrx_word' id='word_1_263' title='bbox 1143 3107 1343 3192; x_wconf 86' lang='lat' dir='ltr'>interpretari</span> <span class='ocrx_word' id='word_1_264' title='bbox 1371 3110 1541 3185; x_wconf 88' lang='lat' dir='ltr'>debemus,</span> <span class='ocrx_word' id='word_1_265' title='bbox 1577 3130 1648 3194; x_wconf 84' lang='lat' dir='ltr'>quae</span> <span class='ocrx_word' id='word_1_266' title='bbox 1682 3118 1787 3183; x_wconf 84' lang='lat' dir='ltr'>ruenti</span> <span class='ocrx_word' id='word_1_267' title='bbox 1816 3118 1927 3200; x_wconf 66' lang='lat' dir='ltr'>ejusp</span> 
     </span>
     <span class='ocr_line' id='line_1_30' title="bbox 583 3189 1926 3278; baseline 0.001 -16"><span class='ocrx_word' id='word_1_268' title='bbox 583 3197 723 3267; x_wconf 82' lang='lat' dir='ltr'>haesere,</span> <span class='ocrx_word' id='word_1_269' title='bbox 759 3193 815 3258; x_wconf 91' lang='lat' dir='ltr'>nbi</span> <span class='ocrx_word' id='word_1_270' title='bbox 845 3211 919 3257; x_wconf 87' lang='lat' dir='ltr'>enm</span> <span class='ocrx_word' id='word_1_271' title='bbox 950 3191 1053 3256; x_wconf 88' lang='lat' dir='ltr'>intelli</span> <span class='ocrx_word' id='word_1_272' title='bbox 1078 3210 1154 3264; x_wconf 90' lang='lat' dir='ltr'>ere,</span> <span class='ocrx_word' id='word_1_273' title='bbox 1188 3209 1247 3254; x_wconf 90' lang='lat' dir='ltr'>nec</span> <span class='ocrx_word' id='word_1_274' title='bbox 1282 3189 1401 3253; x_wconf 86' lang='lat' dir='ltr'>sensum</span> <span class='ocrx_word' id='word_1_275' title='bbox 1437 3193 1575 3256; x_wconf 86' lang='lat' dir='ltr'>alienum</span> <span class='ocrx_word' id='word_1_276' title='bbox 1612 3191 1768 3278; x_wconf 86' lang='lat' dir='ltr'>affingere</span> <span class='ocrx_word' id='word_1_277' title='bbox 1795 3203 1926 3268; x_wconf 84' lang='lat' dir='ltr'>volnmu</span> 
     </span>
     <span class='ocr_line' id='line_1_31' title="bbox 581 3211 1927 3360; baseline -0.001 -14"><span class='ocrx_word' id='word_1_278' title='bbox 581 3275 834 3346; x_wconf 82' lang='lat' dir='ltr'>Illust.Caucell.</span> <span class='ocrx_word' id='word_1_279' title='bbox 859 3273 1035 3340; x_wconf 68' lang='lat' dir='ltr'>wenna.</span> <span class='ocrx_word' id='word_1_280' title='bbox 1050 3211 1086 3337; x_wconf 51' lang='lat' dir='ltr'>§e</span> <span class='ocrx_word' id='word_1_281' title='bbox 1103 3269 1349 3355; x_wconf 55' lang='lat' dir='ltr'>Notioneffuris</span> <span class='ocrx_word' id='word_1_282' title='bbox 1364 3272 1404 3337; x_wconf 89' lang='lat' dir='ltr'>N.</span> <span class='ocrx_word' id='word_1_283' title='bbox 1427 3275 1466 3336; x_wconf 89' lang='lat' dir='ltr'>G.</span> <span class='ocrx_word' id='word_1_284' title='bbox 1482 3271 1522 3338; x_wconf 66' lang='grc' dir='ltr'>Θ</span> <span class='ocrx_word' id='word_1_285' title='bbox 1540 3277 1604 3339; x_wconf 80' lang='lat' dir='ltr'>Cic.</span> <span class='ocrx_word' id='word_1_286' title='bbox 1619 3279 1697 3360; x_wconf 79' lang='lat'><strong>§.6.</strong></span> <span class='ocrx_word' id='word_1_287' title='bbox 1743 3281 1883 3350; x_wconf 81' lang='lat' dir='ltr'>Alienus</span> <span class='ocrx_word' id='word_1_288' title='bbox 1894 3288 1927 3350; x_wconf 72' lang='lat' dir='ltr'>set</span> 
     </span>
     <span class='ocr_line' id='line_1_32' title="bbox 580 3356 1927 3446; baseline -0.004 -18"><span class='ocrx_word' id='word_1_289' title='bbox 580 3363 655 3439; x_wconf 89' lang='lat' dir='ltr'>sus,</span> <span class='ocrx_word' id='word_1_290' title='bbox 675 3363 730 3446; x_wconf 86' lang='lat' dir='ltr'>qui</span> <span class='ocrx_word' id='word_1_291' title='bbox 744 3378 822 3424; x_wconf 89' lang='lat' dir='ltr'>vere</span> <span class='ocrx_word' id='word_1_292' title='bbox 837 3357 911 3420; x_wconf 86' lang='lat' dir='ltr'>affin</span> <span class='ocrx_word' id='word_1_293' title='bbox 936 3365 1042 3420; x_wconf 90' lang='lat' dir='ltr'>eretur</span> <span class='ocrx_word' id='word_1_294' title='bbox 1063 3356 1318 3436; x_wconf 79' lang='lat' dir='ltr'>paciscentibus,</span> <span class='ocrx_word' id='word_1_295' title='bbox 1340 3356 1373 3418; x_wconf 88' lang='lat' dir='ltr'>in</span> <span class='ocrx_word' id='word_1_296' title='bbox 1397 3376 1439 3418; x_wconf 93' lang='lat' dir='ltr'>eo</span> <span class='ocrx_word' id='word_1_297' title='bbox 1462 3356 1523 3420; x_wconf 88' lang='lat' dir='ltr'>sese</span> <span class='ocrx_word' id='word_1_298' title='bbox 1545 3359 1682 3423; x_wconf 86' lang='lat' dir='ltr'>dilucide</span> <span class='ocrx_word' id='word_1_299' title='bbox 1704 3364 1836 3432; x_wconf 86' lang='lat' dir='ltr'>exserit.</span> <span class='ocrx_word' id='word_1_300' title='bbox 1879 3370 1927 3433; x_wconf 66' lang='lat' dir='ltr'>A,</span> 
     </span>
     <span class='ocr_line' id='line_1_33' title="bbox 587 3437 1927 3538; baseline 0.001 -26"><span class='ocrx_word' id='word_1_301' title='bbox 587 3445 627 3511; x_wconf 90' lang='lat' dir='ltr'>V.</span> <span class='ocrx_word' id='word_1_302' title='bbox 651 3448 681 3526; x_wconf 66' lang='grc' dir='ltr'>ξ.</span> <span class='ocrx_word' id='word_1_303' title='bbox 703 3463 754 3526; x_wconf 85' lang='lat'>31.</span> <span class='ocrx_word' id='word_1_304' title='bbox 768 3441 896 3526; x_wconf 89' lang='lat' dir='ltr'>planee</span> <span class='ocrx_word' id='word_1_305' title='bbox 923 3451 972 3514; x_wconf 88' lang='lat' dir='ltr'>et,</span> <span class='ocrx_word' id='word_1_306' title='bbox 991 3438 1014 3502; x_wconf 88' lang='lat' dir='ltr'>si</span> <span class='ocrx_word' id='word_1_307' title='bbox 1034 3438 1126 3501; x_wconf 88' lang='lat' dir='ltr'>aliter</span> <span class='ocrx_word' id='word_1_308' title='bbox 1148 3437 1356 3512; x_wconf 86' lang='lat' dir='ltr'>sentiremus,</span> <span class='ocrx_word' id='word_1_309' title='bbox 1379 3438 1418 3501; x_wconf 91' lang='lat' dir='ltr'>de</span> <span class='ocrx_word' id='word_1_310' title='bbox 1433 3438 1606 3538; x_wconf 87' lang='lat' dir='ltr'>superfluo,</span> <span class='ocrx_word' id='word_1_311' title='bbox 1627 3462 1687 3506; x_wconf 85' lang='lat' dir='ltr'>nec</span> <span class='ocrx_word' id='word_1_312' title='bbox 1709 3444 1813 3512; x_wconf 90' lang='lat' dir='ltr'>hodie</span> <span class='ocrx_word' id='word_1_313' title='bbox 1827 3453 1927 3534; x_wconf 66' lang='lat' dir='ltr'>exigo</span> 
     </span>
     <span class='ocr_line' id='line_1_34' title="bbox 578 3519 1927 3618; baseline -0.001 -24"><span class='ocrx_word' id='word_1_314' title='bbox 578 3529 740 3594; x_wconf 86' lang='lat' dir='ltr'>utilitatis.</span> <span class='ocrx_word' id='word_1_315' title='bbox 785 3525 1018 3605; x_wconf 76' lang='lat' dir='ltr'>Argumentum</span> <span class='ocrx_word' id='word_1_316' title='bbox 1036 3520 1150 3584; x_wconf 90' lang='lat' dir='ltr'>hocin</span> <span class='ocrx_word' id='word_1_317' title='bbox 1169 3540 1211 3583; x_wconf 92' lang='lat' dir='ltr'>eo</span> <span class='ocrx_word' id='word_1_318' title='bbox 1230 3520 1369 3587; x_wconf 73' lang='lat' dir='ltr'>subsistit.</span> <span class='ocrx_word' id='word_1_319' title='bbox 1414 3519 1451 3584; x_wconf 93' lang='lat' dir='ltr'>ln</span> <span class='ocrx_word' id='word_1_320' title='bbox 1465 3522 1541 3594; x_wconf 82' lang='lat' dir='ltr'>tllo,</span> <span class='ocrx_word' id='word_1_321' title='bbox 1564 3522 1658 3606; x_wconf 82' lang='lat' dir='ltr'>juxta</span> <span class='ocrx_word' id='word_1_322' title='bbox 1674 3525 1866 3596; x_wconf 87' lang='lat' dir='ltr'>Terminum</span> <span class='ocrx_word' id='word_1_323' title='bbox 1881 3554 1927 3618; x_wconf 78' lang='lat' dir='ltr'>qua</span> 
     </span>
     <span class='ocr_line' id='line_1_35' title="bbox 578 3600 1927 3699; baseline -0.001 -23"><span class='ocrx_word' id='word_1_324' title='bbox 578 3619 669 3676; x_wconf 71' lang='lat' dir='ltr'>teum</span> <span class='ocrx_word' id='word_1_325' title='bbox 685 3607 819 3694; x_wconf 80' lang='lat' dir='ltr'>probare</span> <span class='ocrx_word' id='word_1_326' title='bbox 836 3611 998 3689; x_wconf 78' lang='lat' dir='ltr'>poterunt,</span> <span class='ocrx_word' id='word_1_327' title='bbox 1020 3600 1171 3681; x_wconf 83' lang='lat' dir='ltr'>jubentur</span> <span class='ocrx_word' id='word_1_328' title='bbox 1191 3601 1304 3667; x_wconf 88' lang='lat' dir='ltr'>subditi</span> <span class='ocrx_word' id='word_1_329' title='bbox 1324 3604 1371 3666; x_wconf 89' lang='lat' dir='ltr'>ire</span> <span class='ocrx_word' id='word_1_330' title='bbox 1390 3604 1430 3666; x_wconf 84' lang='lat' dir='ltr'>ad</span> <span class='ocrx_word' id='word_1_331' title='bbox 1453 3603 1571 3686; x_wconf 90' lang='lat' dir='ltr'>species</span> <span class='ocrx_word' id='word_1_332' title='bbox 1595 3612 1745 3675; x_wconf 85' lang='lat' dir='ltr'>exercitii</span> <span class='ocrx_word' id='word_1_333' title='bbox 1764 3611 1927 3699; x_wconf 68' lang='lat' dir='ltr'>Religioni:</span> 
     </span>
     <span class='ocr_line' id='line_1_36' title="bbox 577 3683 1927 3771; baseline -0.01 -3"><span class='ocrx_word' id='word_1_334' title='bbox 577 3711 648 3758; x_wconf 76' lang='lat' dir='ltr'>¹¹0ss</span> <span class='ocrx_word' id='word_1_335' title='bbox 665 3693 749 3755; x_wconf 73' lang='lat' dir='ltr'>essim</span> <span class='ocrx_word' id='word_1_336' title='bbox 763 3687 905 3752; x_wconf 69' lang='lat' dir='ltr'>sufficere</span> <span class='ocrx_word' id='word_1_337' title='bbox 918 3683 1065 3748; x_wconf 64' lang='lat' dir='ltr'>affirmat·</span> <span class='ocrx_word' id='word_1_338' title='bbox 1109 3686 1136 3767; x_wconf 64' lang='lat' dir='ltr'>s.</span> <span class='ocrx_word' id='word_1_339' title='bbox 1157 3685 1229 3759; x_wconf 92' lang='lat' dir='ltr'>ille,</span> <span class='ocrx_word' id='word_1_340' title='bbox 1254 3687 1355 3750; x_wconf 86' lang='lat' dir='ltr'>toties</span> <span class='ocrx_word' id='word_1_341' title='bbox 1376 3689 1503 3768; x_wconf 85' lang='lat' dir='ltr'>quoties</span> <span class='ocrx_word' id='word_1_342' title='bbox 1520 3689 1693 3771; x_wconf 85' lang='lat' dir='ltr'>allegatus,</span> <span class='ocrx_word' id='word_1_343' title='bbox 1715 3694 1794 3759; x_wconf 84' lang='lat' dir='ltr'>illos</span> <span class='ocrx_word' id='word_1_344' title='bbox 1810 3695 1927 3762; x_wconf 70' lang='lat' dir='ltr'>fuisses</span> 
     </span>
     <span class='ocr_line' id='line_1_37' title="bbox 578 3767 1927 3863; baseline 0.001 -23"><span class='ocrx_word' id='word_1_345' title='bbox 578 3772 769 3859; x_wconf 76' lang='lat' dir='ltr'>possessione</span> <span class='ocrx_word' id='word_1_346' title='bbox 783 3769 931 3834; x_wconf 85' lang='lat' dir='ltr'>exercitii</span> <span class='ocrx_word' id='word_1_347' title='bbox 946 3767 1122 3850; x_wconf 87' lang='lat' dir='ltr'>Religionis</span> <span class='ocrx_word' id='word_1_348' title='bbox 1139 3769 1256 3850; x_wconf 90' lang='lat' dir='ltr'>publici</span> <span class='ocrx_word' id='word_1_349' title='bbox 1266 3791 1276 3842; x_wconf 90' lang='lat'>;</span> <span class='ocrx_word' id='word_1_350' title='bbox 1308 3768 1345 3831; x_wconf 88' lang='lat' dir='ltr'>E.</span> <span class='ocrx_word' id='word_1_351' title='bbox 1363 3769 1501 3832; x_wconf 89' lang='lat' dir='ltr'>invalida</span> <span class='ocrx_word' id='word_1_352' title='bbox 1525 3770 1615 3834; x_wconf 76' lang='lat' dir='ltr'>simul</span> <span class='ocrx_word' id='word_1_353' title='bbox 1635 3774 1884 3861; x_wconf 87' lang='lat' dir='ltr'>praesnnaptione</span> <span class='ocrx_word' id='word_1_354' title='bbox 1895 3802 1927 3863; x_wconf 89' lang='lat' dir='ltr'>pe</span> 
     </span>
     <span class='ocr_line' id='line_1_38' title="bbox 577 3849 1927 3943; baseline -0.004 -20"><span class='ocrx_word' id='word_1_355' title='bbox 577 3870 648 3923; x_wconf 84' lang='lat' dir='ltr'>tere</span> <span class='ocrx_word' id='word_1_356' title='bbox 663 3855 805 3920; x_wconf 87' lang='lat' dir='ltr'>subditos</span> <span class='ocrx_word' id='word_1_357' title='bbox 824 3869 936 3915; x_wconf 91' lang='lat' dir='ltr'>omnes</span> <span class='ocrx_word' id='word_1_358' title='bbox 951 3849 1035 3923; x_wconf 91' lang='lat' dir='ltr'>Jurls</span> <span class='ocrx_word' id='word_1_359' title='bbox 1053 3851 1135 3913; x_wconf 85' lang='lat' dir='ltr'>circa</span> <span class='ocrx_word' id='word_1_360' title='bbox 1151 3849 1245 3914; x_wconf 82' lang='lat' dir='ltr'>Sacra</span> <span class='ocrx_word' id='word_1_361' title='bbox 1261 3850 1410 3925; x_wconf 79' lang='lat' dir='ltr'>effetlns,</span> <span class='ocrx_word' id='word_1_362' title='bbox 1434 3852 1561 3916; x_wconf 67' lang='lat' dir='ltr'>distetis</span> <span class='ocrx_word' id='word_1_363' title='bbox 1580 3854 1650 3919; x_wconf 85' lang='lat' dir='ltr'>haec</span> <span class='ocrx_word' id='word_1_364' title='bbox 1667 3877 1735 3919; x_wconf 89' lang='lat' dir='ltr'>nou</span> <span class='ocrx_word' id='word_1_365' title='bbox 1754 3859 1856 3943; x_wconf 86' lang='lat' dir='ltr'>sequi,</span> <span class='ocrx_word' id='word_1_366' title='bbox 1880 3864 1927 3925; x_wconf 73' lang='lat' dir='ltr'>sam</span> 
     </span>
     <span class='ocr_line' id='line_1_39' title="bbox 575 3931 1928 4014; baseline 0.001 -7"><span class='ocrx_word' id='word_1_367' title='bbox 575 3941 662 4007; x_wconf 87' lang='lat' dir='ltr'>ratio</span> <span class='ocrx_word' id='word_1_368' title='bbox 679 3936 819 4004; x_wconf 75' lang='lat' dir='ltr'>diffluat.</span> <span class='ocrx_word' id='word_1_369' title='bbox 863 3931 984 4010; x_wconf 88' lang='lat' dir='ltr'>Quodsr</span> <span class='ocrx_word' id='word_1_370' title='bbox 1005 3933 1105 4014; x_wconf 81' lang='lat' dir='ltr'>igitur</span> <span class='ocrx_word' id='word_1_371' title='bbox 1125 3933 1285 3996; x_wconf 80' lang='lat' dir='ltr'>Dominus</span> <span class='ocrx_word' id='word_1_372' title='bbox 1307 3931 1476 3998; x_wconf 88' lang='lat' dir='ltr'>Territorii</span> <span class='ocrx_word' id='word_1_373' title='bbox 1496 3937 1627 4011; x_wconf 87' lang='lat' dir='ltr'>minus,</span> <span class='ocrx_word' id='word_1_374' title='bbox 1651 3950 1786 4005; x_wconf 86' lang='lat' dir='ltr'>econtra</span> <span class='ocrx_word' id='word_1_375' title='bbox 1808 3944 1928 4011; x_wconf 75' lang='lat' dir='ltr'>subditus</span> 
     </span>
     <span class='ocr_line' id='line_1_40' title="bbox 574 4014 1928 4109; baseline -0.007 -21"><span class='ocrx_word' id='word_1_376' title='bbox 574 4023 711 4109; x_wconf 85' lang='lat' dir='ltr'>probare</span> <span class='ocrx_word' id='word_1_377' title='bbox 723 4021 835 4093; x_wconf 89' lang='lat' dir='ltr'>debet,</span> <span class='ocrx_word' id='word_1_378' title='bbox 857 4015 932 4082; x_wconf 88' lang='lat' dir='ltr'>hinc</span> <span class='ocrx_word' id='word_1_379' title='bbox 948 4020 976 4098; x_wconf 67' lang='grc' dir='ltr'>ς.</span> <span class='ocrx_word' id='word_1_380' title='bbox 992 4014 1023 4077; x_wconf 92' lang='lat' dir='ltr'>id</span> <span class='ocrx_word' id='word_1_381' title='bbox 1038 4017 1069 4078; x_wconf 89' lang='lat' dir='ltr'>in</span> <span class='ocrx_word' id='word_1_382' title='bbox 1084 4032 1140 4078; x_wconf 92' lang='lat' dir='ltr'>ore</span> <span class='ocrx_word' id='word_1_383' title='bbox 1154 4014 1266 4091; x_wconf 89' lang='lat' dir='ltr'>habet,</span> <span class='ocrx_word' id='word_1_384' title='bbox 1289 4015 1375 4098; x_wconf 91' lang='lat' dir='ltr'>quod</span> <span class='ocrx_word' id='word_1_385' title='bbox 1389 4016 1421 4078; x_wconf 88' lang='lat' dir='ltr'>in</span> <span class='ocrx_word' id='word_1_386' title='bbox 1436 4019 1558 4082; x_wconf 76' lang='lat' dir='ltr'>curastis</span> <span class='ocrx_word' id='word_1_387' title='bbox 1573 4020 1714 4085; x_wconf 89' lang='lat' dir='ltr'>nondutn</span> <span class='ocrx_word' id='word_1_388' title='bbox 1728 4027 1928 4108; x_wconf 60' lang='lat' dir='ltr'>probatiglm,</span> 
     </span>
    </p>

    <p class='ocr_par' dir='ltr' id='par_1_8' title="bbox 567 4097 1928 4789">
     <span class='ocr_line' id='line_1_41' title="bbox 600 4097 1928 4174; baseline -0.006 -4"><span class='ocrx_word' id='word_1_389' title='bbox 600 4125 690 4170; x_wconf 86' lang='lat' dir='ltr'>erans</span> <span class='ocrx_word' id='word_1_390' title='bbox 703 4102 864 4165; x_wconf 85' lang='lat' dir='ltr'>sundatanr</span> <span class='ocrx_word' id='word_1_391' title='bbox 880 4099 994 4162; x_wconf 88' lang='lat' dir='ltr'>habeat</span> <span class='ocrx_word' id='word_1_392' title='bbox 1011 4098 1222 4161; x_wconf 88' lang='lat' dir='ltr'>intentionem</span> <span class='ocrx_word' id='word_1_393' title='bbox 1237 4097 1426 4172; x_wconf 86' lang='lat' dir='ltr'>exercendi,</span> <span class='ocrx_word' id='word_1_394' title='bbox 1450 4099 1485 4162; x_wconf 78' lang='lat' dir='ltr'>dr</span> <span class='ocrx_word' id='word_1_395' title='bbox 1504 4101 1581 4164; x_wconf 89' lang='lat' dir='ltr'>licet</span> <span class='ocrx_word' id='word_1_396' title='bbox 1598 4102 1741 4168; x_wconf 89' lang='lat' dir='ltr'>Domino</span> <span class='ocrx_word' id='word_1_397' title='bbox 1761 4109 1928 4174; x_wconf 63' lang='lat' dir='ltr'>Antoride.</span> 
     </span>
     <span class='ocr_line' id='line_1_42' title="bbox 572 4127 1928 4267; baseline -0.001 -14"><span class='ocrx_word' id='word_1_398' title='bbox 572 4127 736 4255; x_wconf 58' lang='lat' dir='ltr'>Sustionis</span> <span class='ocrx_word' id='word_1_399' title='bbox 755 4184 860 4253; x_wconf 86' lang='lat' dir='ltr'>illiue,</span> <span class='ocrx_word' id='word_1_400' title='bbox 888 4183 932 4246; x_wconf 90' lang='lat' dir='ltr'>ob</span> <span class='ocrx_word' id='word_1_401' title='bbox 951 4179 1102 4262; x_wconf 74' lang='lat' dir='ltr'>insignem</span> <span class='ocrx_word' id='word_1_402' title='bbox 1117 4179 1329 4243; x_wconf 86' lang='lat' dir='ltr'>eruditionem</span> <span class='ocrx_word' id='word_1_403' title='bbox 1355 4182 1631 4260; x_wconf 86' lang='lat' dir='ltr'>commendabilis,</span> <span class='ocrx_word' id='word_1_404' title='bbox 1656 4187 1744 4251; x_wconf 91' lang='lat' dir='ltr'>ultro</span> <span class='ocrx_word' id='word_1_405' title='bbox 1765 4191 1795 4254; x_wconf 86' lang='lat' dir='ltr'>la</span> <span class='ocrx_word' id='word_1_406' title='bbox 1835 4195 1928 4267; x_wconf 88' lang='lat' dir='ltr'>iamnt,</span> 
     </span>
     <span class='ocr_line' id='line_1_43' title="bbox 572 4259 1928 4429; baseline 0 -10"><span class='ocrx_word' id='word_1_407' title='bbox 572 4262 1033 4429; x_wconf 57' lang='lat' dir='ltr'>{i&#39;iiifsilsii‘iiiissff</span> <span class='ocrx_word' id='word_1_408' title='bbox 1047 4259 1788 4427; x_wconf 51' lang='lat' dir='ltr'>‘stiffiiiiiiiitliafiisii¹isi&#39;viiii</span> <span class='ocrx_word' id='word_1_409' title='bbox 1802 4279 1805 4286; x_wconf 61' lang='grc'><strong>’</strong></span> <span class='ocrx_word' id='word_1_410' title='bbox 1821 4277 1928 4422; x_wconf 66' lang='lat' dir='ltr'>:titt</span> 
     </span>
     <span class='ocr_line' id='line_1_44' title="bbox 572 4398 1928 4514; baseline 0.003 -13"><span class='ocrx_word' id='word_1_411' title='bbox 572 4398 670 4500; x_wconf 58' lang='lat' dir='ltr'>etism</span> <span class='ocrx_word' id='word_1_412' title='bbox 683 4429 789 4514; x_wconf 86' lang='lat' dir='ltr'>quoad</span> <span class='ocrx_word' id='word_1_413' title='bbox 804 4437 953 4502; x_wconf 87' lang='lat' dir='ltr'>caeteras,</span> <span class='ocrx_word' id='word_1_414' title='bbox 973 4449 1050 4509; x_wconf 82' lang='lat' dir='ltr'>quas</span> <span class='ocrx_word' id='word_1_415' title='bbox 1066 4427 1182 4493; x_wconf 86' lang='lat' dir='ltr'>multas</span> <span class='ocrx_word' id='word_1_416' title='bbox 1196 4429 1435 4514; x_wconf 87' lang='lat' dir='ltr'>comprehendit</span> <span class='ocrx_word' id='word_1_417' title='bbox 1446 4430 1460 4505; x_wconf 88' lang='lat' dir='ltr'>J</span> <span class='ocrx_word' id='word_1_418' title='bbox 1466 4432 1629 4496; x_wconf 76' lang='lat' dir='ltr'>urisdistio</span> <span class='ocrx_word' id='word_1_419' title='bbox 1648 4401 1864 4505; x_wconf 73' lang='lat' dir='ltr'>Ecclesiastico</span> <span class='ocrx_word' id='word_1_420' title='bbox 1878 4463 1928 4505; x_wconf 81' lang='lat' dir='ltr'>ex·</span> 
     </span>
     <span class='ocr_line' id='line_1_45' title="bbox 569 4511 1928 4606; baseline -0.003 -21"><span class='ocrx_word' id='word_1_421' title='bbox 569 4529 619 4585; x_wconf 82' lang='lat' dir='ltr'>tra</span> <span class='ocrx_word' id='word_1_422' title='bbox 637 4536 720 4580; x_wconf 88' lang='lat' dir='ltr'>onus</span> <span class='ocrx_word' id='word_1_423' title='bbox 742 4511 898 4598; x_wconf 87' lang='lat' dir='ltr'>probandi</span> <span class='ocrx_word' id='word_1_424' title='bbox 918 4513 1078 4584; x_wconf 89' lang='lat' dir='ltr'>versatur,</span> <span class='ocrx_word' id='word_1_425' title='bbox 1098 4532 1134 4574; x_wconf 87' lang='lat' dir='ltr'>ea</span> <span class='ocrx_word' id='word_1_426' title='bbox 1157 4513 1284 4595; x_wconf 89' lang='lat' dir='ltr'>quidem</span> <span class='ocrx_word' id='word_1_427' title='bbox 1302 4513 1341 4575; x_wconf 90' lang='lat' dir='ltr'>de</span> <span class='ocrx_word' id='word_1_428' title='bbox 1361 4513 1465 4586; x_wconf 82' lang='lat' dir='ltr'>cansa,</span> <span class='ocrx_word' id='word_1_429' title='bbox 1489 4517 1639 4596; x_wconf 87' lang='lat' dir='ltr'>quoniam</span> <span class='ocrx_word' id='word_1_430' title='bbox 1660 4516 1732 4583; x_wconf 81' lang='lat' dir='ltr'>haec</span> <span class='ocrx_word' id='word_1_431' title='bbox 1750 4521 1792 4586; x_wconf 88' lang='lat' dir='ltr'>lis</span> <span class='ocrx_word' id='word_1_432' title='bbox 1805 4526 1928 4606; x_wconf 79' lang='lat' dir='ltr'>primum</span> 
     </span>
     <span class='ocr_line' id='line_1_46' title="bbox 568 4591 1928 4680; baseline 0.003 -14"><span class='ocrx_word' id='word_1_433' title='bbox 568 4600 752 4670; x_wconf 85' lang='lat' dir='ltr'>resuscitata</span> <span class='ocrx_word' id='word_1_434' title='bbox 764 4591 827 4669; x_wconf 88' lang='lat' dir='ltr'>est,</span> <span class='ocrx_word' id='word_1_435' title='bbox 850 4593 924 4657; x_wconf 88' lang='lat' dir='ltr'>dum</span> <span class='ocrx_word' id='word_1_436' title='bbox 936 4604 1029 4657; x_wconf 86' lang='lat' dir='ltr'>antea</span> <span class='ocrx_word' id='word_1_437' title='bbox 1042 4613 1201 4678; x_wconf 85' lang='lat' dir='ltr'>nunqnam</span> <span class='ocrx_word' id='word_1_438' title='bbox 1214 4594 1276 4659; x_wconf 91' lang='lat' dir='ltr'>snit</span> <span class='ocrx_word' id='word_1_439' title='bbox 1290 4606 1378 4658; x_wconf 84' lang='lat' dir='ltr'>mota</span> <span class='ocrx_word' id='word_1_440' title='bbox 1398 4595 1528 4680; x_wconf 85' lang='lat' dir='ltr'>desuper</span> <span class='ocrx_word' id='word_1_441' title='bbox 1543 4596 1704 4673; x_wconf 77' lang='lat' dir='ltr'>Quaestio:</span> <span class='ocrx_word' id='word_1_442' title='bbox 1725 4601 1768 4669; x_wconf 87' lang='grc' dir='ltr'>Ε.</span> <span class='ocrx_word' id='word_1_443' title='bbox 1783 4625 1843 4670; x_wconf 89' lang='lat' dir='ltr'>nec</span> <span class='ocrx_word' id='word_1_444' title='bbox 1860 4618 1928 4670; x_wconf 86' lang='lat' dir='ltr'>tern-</span> 
     </span>
     <span class='ocr_line' id='line_1_47' title="bbox 567 4674 1928 4789; baseline -0.002 -39"><span class='ocrx_word' id='word_1_445' title='bbox 567 4702 649 4773; x_wconf 85' lang='lat' dir='ltr'>pore</span> <span class='ocrx_word' id='word_1_446' title='bbox 670 4677 874 4754; x_wconf 77' lang='lat' dir='ltr'>executionis</span> <span class='ocrx_word' id='word_1_447' title='bbox 895 4674 985 4752; x_wconf 82' lang='lat' dir='ltr'>Pacis</span> <span class='ocrx_word' id='word_1_448' title='bbox 1003 4676 1105 4748; x_wconf 78' lang='lat' dir='ltr'>decisa</span> <span class='ocrx_word' id='word_1_449' title='bbox 1123 4678 1195 4754; x_wconf 86' lang='lat' dir='ltr'>erit.</span> <span class='ocrx_word' id='word_1_450' title='bbox 1235 4677 1360 4762; x_wconf 73' lang='lat' dir='ltr'>licebit</span> <span class='ocrx_word' id='word_1_451' title='bbox 1382 4678 1482 4766; x_wconf 83' lang='lat' dir='ltr'>igitur</span> <span class='ocrx_word' id='word_1_452' title='bbox 1502 4680 1601 4752; x_wconf 88' lang='lat' dir='ltr'>hodie</span> <span class='ocrx_word' id='word_1_453' title='bbox 1619 4680 1767 4780; x_wconf 78' lang='lat' dir='ltr'>Domino</span> <span class='ocrx_word' id='word_1_454' title='bbox 1781 4689 1928 4789; x_wconf 53' lang='lat' dir='ltr'>inquires</span> 
     </span>
    </p>
   </div>
   <div class='ocr_carea' id='block_1_7' title="bbox 0 0 2480 5567">
    <p class='ocr_par' dir='ltr' id='par_1_9' title="bbox 0 0 2480 5567">
     <span class='ocr_line' id='line_1_48' title="bbox 0 0 2480 5567; baseline 0 0"><span class='ocrx_word' id='word_1_455' title='bbox 0 0 2480 5567; x_wconf 95' lang='lat' dir='ltr'> </span> 
     </span>
    </p>
   </div>
  </div>
 </body>
</html>
