4950 5567
606 578 678 655 no
1060 521 1656 650 Disserere-rto¹

1261 752 1299 837 §.
1345 744 1420 819 Vl.

423 896 480 970 Jor
496 894 595 959 refoe-
724 886 826 954 Hunc
839 880 942 953 veluti
958 876 1084 954 fontem
1101 880 1354 978 premonstrata
1370 874 1531 951 necessum
1548 871 1630 958 fuit,
1649 898 1686 948 ut
1701 900 1740 949 ex
1754 902 1796 950 eo
1811 876 1993 952 Nobilium
2006 881 2067 975 jura

422 978 597 1042 ltudlsso·
612 981 644 1050 in
665 973 762 1049 sacris
787 980 959 1073 limpidius
982 982 1185 1051 deriventur.
1235 983 1462 1072 Praecipuum,
1488 976 1578 1071 quod
1598 973 1674 1044 inde
1694 972 1847 1058 scaturit,
1876 1000 1976 1072 atque
1996 980 2070 1052 velut

424 1076 503 1119 Μ
534 1056 574 1118 ²³
608 1077 666 1145 Tb
681 1082 809 1165 Korion,
828 1074 873 1145 est
884 1081 933 1163 jos
949 1080 1153 1163 reformandi,
1179 1074 1243 1146 five
1262 1078 1436 1168 generalius
1451 1094 1641 1167 acceptum,
1662 1094 1763 1164 prout
1783 1073 1958 1167 quandam
1974 1078 2073 1146 Sacro·

395 1191 399 1200 .
424 1134 544 1201 Exem-

424 1220 512 1302 plum
526 1217 596 1281 sn-

610 1197 684 1242 rum
698 1171 825 1264 jurium
840 1173 1095 1243 Univerfitatem
1113 1172 1265 1249 denotat.
1293 1169 1356 1241 five
1371 1174 1528 1260 §petiolius
1543 1192 1579 1237 ac
1592 1171 1707 1259 preffius
1724 1166 1897 1263 sumptum
1908 1195 1976 1265 pro
1991 1166 2074 1243 sacul-

425 1310 515 1362 mum
527 1291 676 1363 Nsptste
690 1268 900 1359 Religionem
915 1270 1059 1364 aliquam
1074 1268 1165 1361 juxta
1178 1274 1246 1339 LL.
1265 1269 1403 1363 Imperii
1426 1264 1467 1335 de
1487 1289 1574 1335 novo
1600 1264 1853 1349 introducendi,
1882 1267 1917 1338 de
1937 1270 2073 1363 priorem

423 1380 540 1445 bilitati
610 1366 886 1458 heterogeneam,
908 1366 959 1435 vel
976 1370 1009 1433 in
1025 1389 1115 1448 toto,
1137 1367 1188 1436 vel
1205 1368 1239 1434 in
1257 1362 1403 1461 partibus
1420 1361 1619 1452 abrogandi,
1645 1361 1735 1456 quod
1750 1384 1941 1459 utrumque
1956 1362 2074 1460 (saltem

423 1462 585 1526 immedia-
611 1466 643 1531 in
663 1463 762 1552 tlrefi)
784 1462 936 1555 exemplo
965 1466 1117 1532 Statuum
1141 1463 1264 1531 merito
1286 1458 1342 1529 fibi
1364 1458 1515 1529 vendicat
1535 1463 1710 1529 immediato
1738 1462 1885 1554 Imperii
1912 1465 2074 1547 Nobiliter,

425 1550 470 1604 ¹²
488 1560 543 1624 1³0¹
564 1541 597 1604 Ρ·
614 1557 776 1652 quidquid
793 1558 935 1649 rigidior
950 1556 1158 1652 quorundam
1175 1554 1275 1629 crisos
1292 1555 1484 1635 obmoreat,
1502 1553 1592 1648 quod
1613 1581 1641 1623 r.
1659 1558 1692 1623 in
1706 1561 1782 1625 Aer.
1800 1563 1841 1631 V.
1859 1563 1899 1636 s.
1920 1583 2002 1643 30„
2018 1584 2076 1653 que

425 1620 481 1688 W.
495 1624 528 1686 io
537 1622 599 1686 Re·

367 1757 373 1764 .
426 1704 501 1785 gula
520 1725 583 1765 cun

425 1782 551 1850 sessum

615 1652 696 1723 basis
712 1677 749 1725 ac
764 1649 855 1726 sedes
872 1651 1012 1749 estjuris
1028 1650 1251 1734 reformandi,
1277 1650 1422 1722 solorum
1437 1655 1609 1732 Statuum,
1624 1650 1952 1740 oullaNobilitatis,
1970 1660 2080 1729 mentio

583 1740 599 1753 '
615 1747 692 1833 liat,
714 1748 769 1820 sed
790 1753 906 1837 potius
932 1777 963 1820 2.
980 1750 1070 1821 idem
1092 1758 1126 1836 ς.
1148 1773 1304 1845 tanquam
1328 1749 1562 1821 conditionem
1585 1744 1811 1829 necessariam,
1841 1773 1880 1819 ac
1896 1745 2080 1825 fundamen·

614 1868 704 1925 tum,
727 1848 779 1916 cui
790 1842 856 1941 Jus
869 1848 1050 1931 reformando
1063 1844 1320 1941 superstruitur,
1346 1846 1565 1940 praeequirat
1576 1844 1740 1932 frontonem
1754 1849 1984 1931 Territorioom,
2004 1850 2079 1946 quod

616 1941 801 2012 Nobilibus
817 1944 997 2014 hodiedum
1015 1945 1047 2012 in
1065 1940 1319 2014 controversiam
1336 1964 1483 2012 vocatur.
1530 1945 1571 2009 Et
1586 1939 1728 2035 denique
1745 1967 1778 2032 3.
1796 1945 1970 2014 Tradetur
1987 1951 2025 2016 Ρ.
2036 1954 2077 2020 W.

613 2042 762 2129 prodromi
783 2036 858 2108 satis
874 2042 1013 2108 innuunt
1027 2042 1202 2129 genuinam
1217 2035 1452 2107 Paciscendum
1471 2038 1720 2107 Catholicorum
1739 2040 1915 2134 precipue
1932 2065 2082 2126 meatem,

615 2136 693 2227 qui,
719 2133 797 2204 dum
813 2134 855 2204 de
874 2135 1054 2225 regulando
1072 2134 1249 2204 Nobilium
1268 2134 1452 2223 Religionis
1474 2135 1639 2203 Exercitio
1659 2129 1787 2212 aslum,
1813 2134 1881 2205 hoe
1905 2136 2079 2210 identidem

612 2229 654 2298 ad
671 2253 792 2299 annum
808 2230 1028 2310 Normalem,
1055 2231 1157 2303 modo
1179 2239 1306 2322 1627„
1332 2230 1434 2301 modo
1454 2236 1556 2317 1624.
1570 2280 1579 2314 ,
1603 2251 1759 2326 peraeque
1775 2255 1810 2300 ac
1824 2234 1918 2303 circa
1933 2233 2079 2307 subditos

612 2324 756 2422 placuit,
781 2324 982 2417 alligandum
1002 2333 1144 2423 petiere.

728 2465 774 2528 At
788 2482 869 2530 vero
885 2461 959 2553 quis
974 2458 1090 2541 nescit,
1116 2459 1183 2554 jam
1206 2484 1273 2531 oon
1292 2459 1455 2555 amplius,
1472 2458 1552 2554 quid
1569 2458 1608 2529 ab
1625 2458 1727 2530 altera
1749 2479 1845 2573 parte
1861 2462 2034 2557 petitum,
2045 2485 2081 2535 at·
2119 2465 2121 2562 i

476 2621 480 2628 ,
613 2548 705 2626 tendi
721 2554 860 2638 debere,
886 2555 941 2627 sed
962 2555 1044 2651 quid
1069 2556 1109 2627 ab
1133 2581 1275 2652 utraque
1296 2581 1512 2639 conventum,
1533 2581 1642 2650 neque
1667 2581 1761 2637 eum,
1785 2581 1847 2651 qut
1873 2561 1909 2628 in
1931 2564 2082 2655 quapiam
2119 2565 2121 2640 l

614 2648 864 2724 Constitutionis
878 2675 973 2748 parte
983 2653 1119 2745 quidem
1133 2652 1262 2734 filetur,
1287 2656 1411 2724 idcirco
1427 2677 1491 2747 pro
1513 2650 1659 2734 excluso,
1684 2650 1739 2723 sed
1761 2677 1824 2747 pro
1845 2659 1951 2726 tacite
1978 2654 2079 2730 saltem
2119 2669 2121 2738 ξ

507 2837 509 2842 Ι
612 2746 739 2818 incluso
754 2748 960 2831 babendum,
986 2748 1095 2844 sejam
1118 2752 1212 2842 prius
1234 2773 1296 2843 per
1316 2747 1492 2819 clausulam
1508 2750 1696 2839 generalem
1716 2751 1750 2819 in
1772 2771 1883 2820 totum
1907 2757 2082 2848 aperteiu·

613 2848 775 2914 traverit?
823 2847 885 2917 llle
906 2869 1015 2916 autem
1038 2842 1199 2915 Defetlus
1218 2845 1733 2939 SuperioritatisTerritorialis,
1757 2848 1809 2915 cui
1829 2869 1997 2938 tanquam
2017 2875 2083 2922 coo·

615 2938 735 3010 ditioni
753 2947 951 3031 regulariter,
972 2944 1142 3035 &respciioo
1156 2951 1298 3013 Statuam
1312 2942 1488 3024 (olammodo
1504 2943 1634 3033 alligata
1650 2939 1696 3013 cst
1711 2937 1920 3014 reformandi
1936 2946 2083 3039 poteslas,

616 3059 658 3108 eo
683 3040 792 3106 minus
817 3036 1011 3131 prejudicat
1037 3036 1236 3118 Nobilibus,
1264 3063 1330 3133 quo
1347 3062 1558 3133 compertum
1585 3041 1711 3129 magis,
1737 3039 1826 3133 quod
1848 3042 1894 3108 im
1926 3044 2083 3137 cimisjus

616 3134 801 3225 reformandi
819 3160 857 3204 ex
873 3132 1105 3228 superioritate
1119 3138 1302 3206 Territorii
1320 3158 1473 3228 tanquan)
1489 3131 1582 3203 sonte
1602 3136 1689 3205 haud
1706 3134 1869 3228 profluat,
1893 3065 1952 3207 bd
1974 3166 2014 3208 ex
2035 3142 2085 3224 rofi·

614 3247 684 3299 tota
701 3224 903 3322 potillimum
917 3236 1038 3322 Imperii
1051 3237 1159 3323 praxi,
1186 3236 1243 3325 qui
1267 3232 1381 3301 titulus
1402 3228 1475 3300 sane
1492 3231 1671 3301 Nobilitati
1688 3256 1861 3326 peraque,
1892 3258 1931 3304 ac
1947 3235 2097 3309 Statibua'

613 3327 860 3418 patrocinatur,
885 3321 1017 3420 fuitque
1031 3330 1128 3396 Ratio
1148 3330 1285 3397 eandem
1306 3325 1364 3396 sub
1380 3326 1512 3419 speciali
1529 3332 1563 3397 P.
1575 3334 1628 3398 W.
1646 3328 1791 3397 Palladio
1807 3332 2026 3424 recipiendi3
2054 3357 2088 3407 ut

614 3442 758 3501 taceam,
786 3421 876 3517 quod
892 3426 1110 3494 ΗΕιιΤιυε
1132 3423 1173 3493 de
1191 3425 1290 3515 [aper.
1311 3429 1424 3493 Terror.
1448 3431 1484 3503 ff.
1505 3451 1515 3492 r
1526 3450 1558 3510 3.
1583 3423 1714 3504 scribit,
1741 3449 1855 3495 novam
1873 3452 1934 3495 oon
1953 3429 2028 3521 offe,
2043 3457 2086 3503 eoo

613 3522 723 3597 etiarn,
748 3524 799 3609 qui
820 3521 1029 3611 superiorirote
1048 3524 1240 3589 Territorioll
1253 3520 1473 3608 destituuntur,
1497 3555 1512 3567 -
1526 3553 1541 3565 -
1553 3549 1567 3562 ·
1584 3525 1838 3612 ‘quentodonodtom
1854 3528 1917 3591 olio
1930 3531 2024 3615 jara,
2045 3534 2086 3599 int

613 3614 662 3689 ius
686 3619 763 3681 circo
782 3615 868 3701 ficeto
891 3620 947 3684 vel
969 3620 1000 3684 in
1028 3636 1144 3695 totum,
1171 3621 1226 3686 vol
1255 3641 1293 3684 ox
1314 3637 1401 3706 porte
1424 3616 1572 3705 questum
1598 3618 1765 3706 balerna)
1814 3620 1952 3691 Deinde
1979 3621 2001 3692 fi
2026 3649 2087 3695 nou

613 3714 814 3800 Superiorioos
827 3716 1049 3791 Tetricoro'olis,
1074 3707 1151 3794 Qlc
1163 3709 1473 3805 dunbedospobtit,
1498 3733 1587 3781 certe
1604 3714 1665 3781 alia
1681 3714 1830 3807 quadam
1845 3714 1923 3807 jura
1939 3718 2087 3812 insignio·

613 3827 651 3873 ra
670 3805 999 3886 exornentNobiles,
1024 3808 1056 3876 vi
1072 3807 1258 3900 quorum&
1275 3811 1307 3875 in
1325 3805 1412 3899 ipsos
1428 3807 1676 3899 quodammodo
1693 3809 1811 3879 cadere
1825 3809 1937 3905 potest
1981 3820 2086 3888 errul-

614 3922 728 3991 gatum
745 3900 846 3970 illud:
872 3906 955 3990 troius
969 3903 1011 3988 eli
1025 3910 1139 3993 Regio,
1166 3907 1227 3990 eius
1237 3907 1271 3976 sd
1286 3909 1413 3993 Religio.
1463 3908 1661 3998 Quanquam
1675 3903 1698 3974 fi
1719 3908 1787 3975 bac
1802 3911 1916 3977 omnia
1933 3840 2084 3995 abessent,

614 3992 781 4067 Affertum
795 3993 942 4066 nostrum
958 3998 1144 4092 emphatice
1160 3996 1234 4067 satis
1252 3999 1357 4092 liquet
1376 4022 1412 4067 ct
1428 4000 1587 4093 praelaud.
1604 4008 1636 4090 ᾗ.
1655 4014 1708 4078 28.
1725 4026 1786 4096 per
1800 4003 1931 4074 Verba:
1960 4013 2016 4081 ln
2027 4029 2085 4087 uu
2108 4075 2111 4080 ,

606 4094 660 4183 jus
676 4093 816 4174 labeone,
842 4097 919 4182 quod
938 4098 1073 4162 Statilus
1086 4101 1223 4187 competit
1237 4098 1299 4167 &c-
1350 4101 1396 4162 At
1418 4097 1588 4187 quomodo
1605 4100 1747 4177 IDEM,
1772 4096 1850 4178 nisi,
1878 4104 1972 4193 quod
1996 4132 2085 4178 coete·

612 4209 730 4256 rorum
746 4208 844 4278 caput
863 4212 898 4256 ac
920 4184 994 4257 fons
1015 4188 1077 4269 εΗ,
1097 4196 1149 4280 jas
1171 4212 1304 4285 quoque
1320 4194 1503 4273 reformandi
1524 4192 1709 4264 haberent?
1734 4198 1844 4286 Igitur
1864 4201 2013 4273 Nobiles
2028 4210 2084 4274 im·

612 4281 749 4352 mediati
759 4281 811 4376 jus
825 4278 1031 4353 reformandi
1045 4284 1066 4354 st
1081 4312 1146 4355 non
1161 4312 1225 4356 una
1243 4310 1317 4355 cum
1328 4283 1699 4378 superioritateTerrit.
1715 4339 1724 4371 ,
1749 4314 1839 4364 certe
1856 4318 1897 4365 ex
1911 4300 2006 4368 Pauo
2022 4307 2083 4372 loo-.-

612 4382 833 4470 periiproblioo,
860 4402 895 4448 ut
919 4381 963 4448 ait
983 4384 1212 4457 Borutuatt
1235 4381 1361 4474 Diffort.
1377 4388 1412 4455 do
1422 4387 1493 4476 jore
1513 4389 1802 4483 liturgiconficeles.
1818 4397 1855 4475 tf.
1876 4417 1963 4477 ηπ,
1988 4395 2082 4469 bodie

612 4470 689 4574 jure
704 4477 834 4572 optimo
847 4497 1007 4551 exercent.
1023 4474 1057 4575 e)

1813 4688 1815 4692 .
1910 4618 1951 4708 o)
1970 4622 2080 4698 oxeos.
