4950 5567
638 644 704 728 ηε
874 563 1337 742 ‘nissrninrio
1382 613 1547 714 Junis
1590 609 1830 692 PUBLicl

634 805 751 891 farier,
776 783 1025 904 quari'posset:
1050 825 1090 871 an
1117 796 1206 871 idern
1222 797 1317 895 Juria
1338 791 1376 867 st
1391 795 1425 870 iti
1446 796 1549 868 Bonis
1571 818 1648 869 trite
1663 747 1796 868 Delium
1813 795 2021 870 tricennales

632 911 702 1007 jain
725 905 865 978 dursnte
886 900 1152 1000 oppignoratis?
1199 894 1289 990 Resp.
1316 917 1393 965 cum
1417 892 1499 965 edfit
1523 893 1682 968 identitas
1708 896 1780 965 imo
1801 893 1985 991 Majorites
2011 901 2021 967 1

634 1008 705 1087 nis,
731 1025 807 1072 iiam
828 1004 862 1070 in
883 1003 1035 1069 Statuuni
1056 995 1198 1091 Imperii
1214 991 1565 1088 oppignoratioiiibus
1592 995 1680 1064 inter
1704 988 1737 1064 se
1759 987 1876 1077 fastis,
1901 1000 2021 1090 qu'ae']

467 1121 483 1136 ·
636 1104 716 1176 beet
740 1120 815 1169 ante
833 1097 993 1168 Hominis
1009 1094 1213 1164 Memoriam
1233 1092 1486 1188 oppignorare,
1511 1088 1618 1163 solutu
1643 1088 1733 1161 sorte
1752 1090 1940 1164 Reluitioiti
1964 1088 2021 1165 sun

635 1200 758 1279 noxiae,
784 1215 930 1266 attamen
948 1193 1115 1263 Dominus
1132 1183 1219 1260 fasir
1229 1186 1421 1259 Reluitione
1437 1187 1472 1258 iii
1487 1187 1541 1258 bis
1559 1183 1624 1260 sue
1640 1187 1825 1280 Religionis
1841 1191 2021 1264 Exercitiui

636 1297 724 1370 blice
744 1291 881 1390 quidem
896 1287 1109 1362 introducere
1122 1282 1252 1385 potest,
1276 1283 1399 1356 lorobe
1414 1283 1706 1357 tamtndtSubditi
1719 1291 1869 1379 migrare
1881 1309 1941 1360 cut
1957 1286 2021 1362 suoi

636 1397 818 1488 ligionetn,
842 1411 943 1485 quein
956 1384 1016 1458 sub
1031 1387 1138 1483 priori
1152 1377 1332 1456 Possessore
1349 1381 1493 1477 amplexi
1509 1377 1662 1466 fuerant,
1686 1383 1841 1458 deserere
1861 1409 1932 1460 nori
1950 1411 2021 1482 cog:

639 1491 757 1566 exinde
779 1483 925 1559 insertur
946 1485 1001 1555 illc
1018 1487 1128 1566 Boiis,
1161 1504 1235 1580 quac
1254 1481 1379 1551 minori
1398 1483 1594 1571 Tempore,
1624 1502 1726 1576 quam
1748 1483 1991 1557 immemoriasi
2016 1495 2022 1556 s

638 1587 779 1686 Imperii
794 1587 882 1656 inter
897 1580 929 1654 se
943 1581 1229 1680 oppignorarunt,
1254 1601 1298 1649 eo
1314 1578 1420 1668 megia
1437 1573 1604 1672 subjacete
1619 1579 1805 1650 Reiuitiotii
1820 1581 1853 1652 dt
1868 1583 2022 1654 Dominu

639 1691 785 1760 luentem
801 1685 842 1755 de
858 1676 985 1753 Punsio
993 1678 1179 1772 Religionis
1196 1674 1328 1772 semper
1345 1669 1603 1769 Dispobtioiient
1621 1672 1700 1746 disii
1719 1679 1747 1765 ᾗ.
1770 1701 1823 1767 ²7·
1849 1702 1920 1772 prae
1942 1682 2021 1752 ocul

637 1789 718 1859 bere
733 1779 867 1854 debete.
882 1781 905 1826 ⁴
960 1784 1172 1869 Argumento
1187 1773 1266 1845 huic
1282 1771 1345 1842 alia
1360 1770 1452 1842 addit
1467 1776 1560 1844 Dirc
1572 1792 1661 1844 uitis
1673 1793 1695 1842 ii
1707 1793 1729 1843 ii
1741 1791 1810 1856 us,
1836 1775 1920 1847 dum
1941 1781 2007 1862 ait,

638 1886 752 1984 §pbus
770 1904 826 1971 ²7·
844 1873 1062 1951 sitLimitatio
1074 1873 1153 1969 §phi
1173 1898 1235 1964 31,
1260 1871 1318 1964 qui
1335 1867 1485 1965 loquitur
1498 1867 1701 1962 generaliter
1720 1870 1761 1944 de
1774 1869 2022 1974 quibuscunqui

638 1984 786 2061 risoriis,
809 1973 1048 2072 consequenter
1063 1971 1095 2042 di
1112 1970 1218 2066 §phus
1232 1963 1383 2064 prodisti
1398 1963 1614 2040 restrisiivus.
1665 1965 1707 2067 3)
1732 1969 1870 2066 probari
1885 1979 2022 2070 iiequiti

638 2105 711 2155 ttrite
727 2080 865 2147 Hominis
878 2075 1073 2146 Memoriam
1089 2063 1320 2173 Rcsbisiionis
1336 2062 1369 2137 di
1385 2064 1587 2138 Exclusonis
1602 2061 1746 2139 aliorum
1762 2069 1935 2142 Bonorum
1959 2098 2022 2146 rect

639 2190 945 2368 ῗὲῗέἳζίῗῖἓῖοξῖῗ
961 2161 1201 2338 ἓὲἓῖἓέῗῖἰῆἓ
1217 2159 1361 2352 bb,
1374 2171 1470 2334 idi}
1479 2161 2022 2364 sdb'bbbbii‘bsb

638 2367 814 2448 'iiisrrcndo
828 2364 983 2442 Atticulo
996 2356 1120 2438 Ansam
1132 2360 1304 2443 dederint,
1328 2361 1428 2432 unitis
1449 2381 1562 2436 autem
1579 2287 1703 2435 Postio
1722 2386 1790 2435 non
1809 2360 1856 2438 css
1878 2366 2023 2444 Exclusis

637 2475 722 2550 riui.
846 2491 857 2534 ⁸

683 2629 698 2662 ·
720 2621 774 2690 Bo
784 2635 901 2686 unsa
919 2617 953 2684 i'ii
971 2611 1063 2683 Naris
1078 2609 1122 2677 ad
1137 2607 1259 2677 Bia-ii·
1273 2599 1441 2693 stouffen
1456 2599 1649 2675 cremisa
1665 2605 1733 2680 'sic
1749 2624 1801 2694 ati
1817 2609 1859 2681 N.
1874 2627 1928 2699 45.

741 2926 835 3004 Male
850 2943 961 2994 autem
975 2915 1156 3018 Dispositio
1171 2919 1251 3019 §phi
1274 2791 1331 3013 αξ.
1350 2809 1529 2995 Oscdbotie
1541 2918 1723 2996 verborum
1743 2932 1866 3003 Domini
1887 2935 1996 3004 directi
2017 2957 2023 3002 i

643 3037 735 3110 ditur
749 3025 789 3098 ad
804 3016 942 3102 Cusum,
966 3014 989 3089 si
1006 3019 1159 3091 Feuduni
1172 3026 1289 3092 Morte
1306 3019 1445 3102 Vasabi,
1471 3021 1610 3093 Felonii
1624 3023 1727 3096 aliave
1741 3053 1938 3126 quacunque
1949 3028 2023 3125 jusb

642 3139 734 3210 tiouc
749 3123 789 3196 sd
805 3120 993 3196 Domitium
1008 3114 1173 3189 diresium
1187 3114 1357 3192 reversum
1374 3115 1496 3203 fiterit,
1520 3119 1585 3191 boc
1606 3122 1695 3191 enini
1718 3127 1751 3194 iit
1769 3123 1854 3197 Casu
1877 3127 2024 3219 generasi

641 3223 814 3306 strumenti
831 3219 923 3289 Picis
939 3213 1177 3313 Dispositiones
1193 3224 1267 3292 Art.
1284 3221 1328 3290 V.
1348 3213 1381 3316 b
1401 3241 1457 3311 3¹·
1477 3241 1532 3308 34.
1552 3240 1608 3309 35.
1636 3227 1692 3314 36.
1715 3246 1779 3317 pro
1799 3225 1848 3294 Re
1863 3245 1939 3296 iiiia
1955 3225 2021 3296 hab

645 3339 789 3402 bocum,
816 3323 848 3389 V
851 3315 928 3387 crbt
942 3319 1031 3384 cnim
1049 3321 1172 3385 Domitii
1188 3320 1293 3386 diicdi
1310 3319 1343 3388 in
1360 3315 1469 3385 latiori
1488 3315 1534 3384 ibi
1548 3312 1652 3409 posita
1673 3314 1745 3390 sunt
1763 3317 1974 3413 Significatu,
2004 3324 2024 3393 d

642 3433 729 3501 inter
746 3415 913 3491 Vasibutn
930 3412 961 3483 dt
977 3413 1188 3484 Creditorum
1211 3416 1334 3507 Pignus
1355 3407 1571 3512 possidentem
1592 3418 1733 3486 maxima
1755 3417 1800 3490 esi
1824 3419 2024 3516 Disperitas.

642 3529 732 3602 enim
749 3516 793 3594 est
811 3514 978 3586 Dominus
992 3510 1101 3594 utilis,
1125 3513 1179 3583 cui
1196 3515 1319 3586 Omnia
1338 3513 1477 3584 Domitii
1492 3513 1579 3606 Jurs
1599 3536 1812 3610 competunt,
1845 3521 1916 3590 Hic
1938 3541 2024 3592 aurei

642 3614 802 3696 Posscisor
820 3611 944 3692 ciuilis,
966 3611 1025 3704 qui
1038 3612 1187 3683 Domino
1201 3609 1388 3682 nullatenus
1402 3607 1622 3707 prejudicare
1638 3611 1762 3701 potest,
1794 3616 1907 3710 itaque
1928 3617 1962 3686 iti
1987 3619 2020 3688 di

642 3720 733 3793 nubs
749 3711 888 3788 formari
904 3705 1011 3806 potest
1026 3704 1152 3790 llbitio,
1178 3711 1409 3781 matimecuni
1426 3704 1605 3805 Dispofitio
1628 3710 1707 3805 §phi
1735 3736 1790 3802 ²7·
1814 3711 1981 3812 supponat
2001 3719 2024 3792 C

641 3815 818 3920 specialem
836 3811 991 3883 deisonis
1008 3810 1262 3906 oppignoratis,
1286 3810 1344 3903 qui
1360 3805 1547 3879 nullatenus
1567 3806 1806 3885 extendendus.

1316 4001 1345 4092 i·
1390 4004 1460 4098 46·.

648 4135 651 4142 “
757 4136 890 4209 Ultimo
904 4133 1048 4232 deniqne
1061 4132 1171 4205 adbuc
1185 4135 1313 4207 moveri
1336 4129 1444 4232 potest
1460 4127 1623 4232 Qiaestio:
1653 4157 1766 4209 utrum
1789 4137 1939 4211 Domino
1953 4141 2025 4215 Reli

642 4235 840 4312 Ltitbcranae
862 4236 911 4305 vel
931 4233 969 4306 sic
984 4231 1079 4304 disis·
1097 4227 1300 4305 Reformatae
1318 4230 1469 4304 addicitis
1486 4239 1520 4303 iii
1535 4232 1692 4306 subditos
1707 4259 1769 4332 pet
1783 4238 2010 4312 Reluitionem

563 4373 569 4385 ·
642 4334 792 4410 reversos
811 4334 1208 4428 iderti-liiriscotnpctat?
1234 4336 1398 4428 itemque:
1433 4357 1472 4401 ati
1495 4334 1697 4403 Exercitium
1717 4330 1780 4405 stiae
1798 4331 2019 4410 Confessionis

641 4440 742 4509 lituiii
764 4441 796 4502 iii
818 4433 1031 4502 barbitione
1054 4430 1185 4499 iiiii’itcr
1206 4427 1376 4502 instituere
1398 4425 1518 4524 possit?
1550 4429 1765 4521 allegabitut,
1798 4438 1844 4506 ait
1868 4438 2025 4508 Dsscxb

642 4543 669 4606 1.
696 4561 723 4608 c.
741 4555 898 4624 tittitttpie
912 4533 1040 4598 'scirtii
1055 4529 1217 4615 griiernbs
1234 4533 1316 4624 §pbi
1335 4553 1389 4616 ²?-
1423 4531 1551 4598 Verum
1575 4529 1783 4625 probabilius
1805 4558 2012 4605 memoratus

642 4636 749 4732 §phut
773 4653 827 4720 ²⁷·
851 4626 890 4698 id
917 4624 1135 4700 Protcsbntcs
1154 4629 1242 4700 inter
1265 4626 1298 4702 se
1321 4620 1487 4724 speciitoa
1509 4651 1577 4698 non
1603 4632 1768 4723 pertinet,
1807 4655 1885 4704 cuin
1910 4656 1949 4706 ct
1971 4638 2025 4704 Hi]
