4950 5567
518 615 593 698 nc
960 600 1543 682 nissunrnrto
1641 703 1647 714 Ι
1740 553 1765 576 “’
1895 548 1900 558 ’

434 753 443 776 ’
522 773 709 864 soenorum,
732 799 774 852 on
788 779 850 880 Jus
864 777 951 853 circe
966 781 1055 866 sacre
1071 763 1300 884 oppellemut,
1323 783 1442 858 eodem
1456 782 1557 854 modo
1574 773 1743 878 superduc
1759 773 1809 852 est
1824 781 1991 882 opudl’roi

393 923 396 930 -
523 869 676 946 testantes
697 873 817 973 duplex
834 880 1002 952 denotatio
1024 881 1172 975 jurium,
1195 907 1269 978 quae
1291 884 1331 953 od
1357 879 1595 960 subllemialie,
1622 877 1752 973 &que
1776 878 1818 949 od
1844 883 1991 954 naturalit

525 975 671 1045 exercitii
687 974 859 1066 religionis
874 979 1062 1074 pertinent,
1088 977 1212 1054 &aliie
1234 981 1398 1075 ejusmodi
1420 975 1697 1049 considerationes
1720 999 1900 1060 corruunt.
1930 983 1991 1050 ·Ft·

524 1067 587 1140 cile
605 1071 716 1156 itaque
732 1073 920 1154 innotescit,
945 1098 1045 1170 quom
1068 1073 1167 1167 longe
1190 1078 1260 1150 hec
1278 1075 1479 1177 Jurisdiiiio
1502 1069 1762 1148 Protestontiuul
1785 1073 1991 1150 Ecclefinoo

521 1163 565 1238 ob
577 1165 638 1239 hcc
653 1165 781 1266 duplici
796 1167 1005 1244 dillinslione
1019 1170 1148 1246 diuerso
1165 1169 1215 1246 fic.
1349 1271 1351 1276 Ι
1405 1209 1410 1232 ι

1177 1353 1239 1462 ς.Ι
1266 1361 1344 1442 tv.

636 1506 698 1596 Jue
713 1500 920 1572 reformandi
934 1505 957 1570 si
972 1508 1038 1572 sote
1054 1508 1215 1582 sumitur,
1242 1509 1275 1569 in
1291 1499 1440 1592 generali
1455 1467 1615 1593 Re}en'tir
1630 1499 1841 1594 inspeilione
1855 1497 1991 1582 confidit

524 1593 681 1668 neslotue
698 1593 935 1668 Eccleliosticus
957 1593 1102 1667 seculari
1127 1597 1286 1668 domnum
1311 1591 1451 1677 inserat,
1477 1597 1560 1668 bene
1574 1599 1653 1668 hinc
1677 1599 1757 1672 dicit
1781 1601 1926 1670 Zecltiue
1940 1599 1991 1668 hot

488 1753 505 1778 ,
523 1691 616 1766 sensu
631 1698 850 1790 imperantem
870 1698 983 1763 omnio
999 1719 1036 1762 ec
1056 1693 1175 1765 tollere
1197 1689 1307 1790 posse,
1330 1717 1367 1765 cc
1389 1689 1593 1770 reformare,
1608 1693 1740 1783 cluibus
1762 1685 1881 1781 singuli
1904 1692 1991 1770 ciret,

523 1814 561 1862 oc
576 1789 726 1870 universo
742 1787 926 1886 respublici
942 1792 1124 1871 leduutur,
1143 1813 1235 1884 potet
1251 1793 1354 1880 igitur
1369 1790 1433 1859 hoc
1447 1789 1501 1883 jue
1518 1791 1552 1859 in
1571 1781 1810 1878 fignificntione
1831 1785 1893 1856 hec
1908 1807 1991 1878 gene·

415 1963 422 1980 ,
523 1887 587 1958 ruli
614 1884 823 1960 Eccledeslici
847 1889 893 1956 nil
917 1893 1105 1966 continere,
1141 1885 1241 1957 l'edst
1274 1887 1478 1979 specialiter,
1505 1883 1584 1954 sicut
1609 1887 1643 1951 in
1669 1879 1892 1955 instrumento
1914 1883 1991 1978 perit

524 1983 757 2082 Weslpholicte
780 2008 844 2078 pto
863 1985 938 2077 jure
962 1984 1193 2052 introducendi
1218 1982 1307 2055 suom
1332 1982 1530 2072 religionem
1553 1977 1686 2050 statibus
1709 1982 1852 2075 lmperii
1873 1999 1991 2072 compe·

525 2103 616 2152 reme
631 2081 795 2158 sumatur,
817 2083 877 2148 dec
898 2105 974 2148 cum
988 2081 1063 2172 jure
1081 2077 1264 2151 dtoecescno
1279 2083 1449 2159 convenit,
1476 2102 1536 2150 nec
1554 2071 1704 2172 perseste
1733 2081 1925 2164 eticmcum
1937 2079 1990 2172 Ju-

398 2223 402 2228 -
524 2176 720 2248 rieditlione
735 2173 988 2244 Proteslatttinm
1006 2173 1222 2248 Ecclesiastico
1240 2180 1328 2248 idem
1347 2174 1412 2256 esl,
1445 2199 1521 2244 nom
1544 2174 1601 2244 ubi
1625 2169 1816 2242 introduilo
1836 2169 1933 2243 semel
1950 2164 1988 2240 cll

426 2351 430 2358 ,
523 2277 645 2366 religio
668 2275 849 2366 Principio,
886 2269 1124 2342 ficethnlicus
1151 2271 1205 2354 stt,
1245 2276 1354 2346 omnis
1375 2259 1574 2368 Jnrisdiflio
1595 2267 1815 2340 Eccleficslico
1838 2266 1986 2366 Episcopo

525 2369 714 2444 Dioeccseos
729 2369 908 2463 competit,
938 2366 960 2438 si
984 2369 1168 2465 proteslons
1183 2367 1286 2442 suerit
1306 2366 1580 2466 Jurisditlionem
1601 2363 1855 2437 Ecclefiaslicom
1880 2391 1941 2437 non
1958 2365 1985 2432 io

432 2554 440 2592 ··
524 2472 708 2635 llil?
726 2461 1339 2657 lifltllsltltlJlsld‘lllt
1359 2464 1611 2632 stltssltllli
1626 2463 1983 2650 {institistis

460 2695 468 2716 ¹
525 2660 658 2757 olijeilo
673 2589 778 2731 {bium
795 2656 848 2727 sed
867 2663 899 2729 dt
914 2656 1061 2752 subjeSlo
1077 2657 1260 2755 discrepat,
1288 2657 1367 2729 sicut
1381 2655 1533 2751 superius
1550 2653 1831 2734 demonstratum,
1846 2655 1983 2748 cumjnrt

524 2759 693 2830 sacrorum
709 2781 790 2826 vero
804 2779 939 2825 eotenus
954 2757 1124 2836 convenit,
1151 2755 1314 2852 duarenus
1335 2753 1419 2823 illud
1441 2749 1583 2833 scilicet,
1617 2749 1872 2918 &purisdifiio
1892 2747 1982 2822 Ecclo·

524 2855 647 2927 linllicn
668 2850 921 2922 Protesimtium
937 2875 976 2922 ex
990 2853 1159 2922 communi
1173 2850 1319 2949 quodem
1340 2846 1453 2931 sonte,
1479 2874 1518 2920 ex
1533 2844 1649 2940 reguli
1682 2849 1791 2920 cilicet
1808 2840 1981 2922 tetricomli

525 2953 714 3022 derivetur,
741 2947 844 3039 rjure
863 2947 997 3016 demum
1013 2943 1219 3018 reformandi
1234 2950 1268 3018 in
1284 2945 1376 3018 sensu
1395 2945 1527 3042 speciali
1542 2968 1678 3041 eccepto
1687 2943 1896 3029 discernitur,
1911 2937 1980 3040 quod

530 3047 596 3120 hoc
614 3044 806 3137 fimplicrter
820 3067 858 3110 ex
875 3067 992 3112 norma
1007 3045 1199 3116 territorioli
1218 3047 1253 3115 in
1269 3045 1415 3140 politicis
1434 3043 1534 3125 siunt,
1554 3041 1609 3112 illa
1626 3065 1736 3112 eutem
1753 3043 1941 3113 relationem
1953 3030 1983 3105 ll

525 3134 811 3216 socronectssario
828 3139 939 3210 dicere
954 3139 1089 3221 debent,
1116 3140 1206 3212 &fic
1223 3164 1346 3236 praeter
1361 3141 1510 3231 regulam
1527 3140 1765 3209 territorialem
1784 3164 1822 3208 ex
1837 3135 1982 3236 principio

525 3240 671 3334 quodam
686 3233 847 3320 secundo,
873 3237 964 3328 quod
976 3231 1090 3310 'tumen
1107 3235 1319 3310 essentialiter
1333 3260 1408 3308 cum
1422 3238 1535 3327 primo
1550 3260 1734 3305 connexum
1751 3234 1816 3318 est,
1831 3240 1898 3308 vim
1913 3231 1983 3304 surm

526 3337 637 3408 trahat
659 3357 757 3429 atquc
772 3327 950 3404 efficaciam
973 3335 1027 3428 lt).
1076 3337 1128 3406 En
1143 3332 1384 3433 soporationem
1407 3332 1531 3406 horum
1551 3335 1723 3405 variorum
1742 3331 1872 3428 jurium
1892 3356 1930 3404 eo
1946 3337 1984 3396 ια’

1909 3444 1981 3500 curs·

528 3595 566 3683 k)
578 3595 633 3670 Jut
644 3591 863 3656 reformandis
875 3591 1045 3675 specialiter
1051 3591 1191 3659 sumitur.
1202 3593 1319 3677 duplici
1330 3597 1360 3659 in
1368 3596 1438 3677 jure
1447 3595 1594 3666 consistit,
1605 3594 1721 3658 scilicet
1731 3594 1762 3657 in
1771 3595 1912 3677 religinis
1919 3590 1984 3677 ptis·

642 3677 699 3737 ris.
731 3677 764 3736 ld
779 3677 841 3738 est:
861 3695 931 3755 quae
946 3675 1008 3753 jorn
1024 3677 1054 3736 in
1068 3677 1231 3738 territorio
1241 3681 1343 3760 viget,
1360 3680 1414 3740 rel
1427 3681 1458 3741 in
1471 3689 1556 3750 toto,
1569 3680 1622 3739 vel
1637 3680 1666 3738 in
1681 3689 1768 3758 pane
1776 3667 1983 3742 abolitione&

644 3775 730 3816 nova
744 3759 908 3839 religionis
921 3758 1176 3824 introductione,
1199 3757 1264 3822 hoc
1277 3763 1328 3840 jus
1342 3759 1482 3822 Stetibus
1497 3759 1620 3839 lmpetii
1635 3766 1820 3839 competens
1836 3761 1921 3840 pacis
1932 3751 1985 3818 tell·

602 3858 607 3867 ’
642 3838 741 3978 plusne
764 3841 803 3900 de
826 3857 909 3899 onno
932 3857 1019 3920 1555·
1043 3839 1203 3917 dispositio
1221 3844 1254 3902 in
1275 3851 1303 3918 ς.
1328 3861 1374 3923 15.
1396 3841 1500 3918 quood
1521 3853 1820 3920 utramquepartem
1836 3837 1985 3904 stcbilivit.

655 3919 693 3978 ed
709 3938 778 3980 cnm
793 3921 864 3981 inde
877 3921 1031 3983 securitati
1045 3921 1176 3982 divetsae
1190 3923 1354 4015 religionis
1370 3921 1583 3992 addictorum,
1607 3922 1710 4000 quood
1725 3923 1913 3984 exercitium
1928 3934 1986 4002 pro·

641 3996 778 4082 specium
791 4000 886 4064 fuerit
898 4003 1089 4081 neutiquam,
1105 4002 1235 4082 idipsum
1251 4022 1302 4082 Jus
1316 4001 1505 4064 reformandi
1520 4003 1551 4063 in
1564 4003 1642 4064 Paete
1656 4001 1866 4086 westphalica
1881 4005 1946 4064 Aet.
1956 3993 1988 4062 V.

642 4085 735 4162 §.gn
752 4081 795 4141 ita
808 4082 977 4146 restrictum
995 4083 1071 4153 suit,
1094 4093 1130 4143 ut
1151 4084 1267 4158 prioris
1284 4085 1447 4164 religionis
1465 4085 1644 4146 immutatio
1664 4085 1694 4146 in
1712 4103 1787 4154 eos,
1815 4085 1868 4163 qui
1887 4097 1989 4144 couno

641 4161 814 4224 normalem
830 4183 886 4243 pro
902 4163 929 4225 se
945 4165 1079 4244 ellegere
1091 4162 1236 4242 possunt,
1256 4163 1351 4226 suerit
1366 4165 1536 4236 sublatum,
1557 4168 1608 4246 jus
1623 4178 1746 4234 cutem,
1773 4164 1858 4226 selvo
1873 4183 1900 4224 t·
1911 4166 1991 4245 ligio·

642 4263 685 4306 ne
698 4243 819 4326 priore,
842 4246 1062 4308 introducendi
1077 4264 1195 4305 novom
1208 4243 1305 4307 suerit
1318 4244 1556 4319 confirmatum,
1577 4249 1646 4309 Art.
1663 4246 1702 4310 V.
1718 4245 1743 4326 s.
1757 4265 1808 4326 30.
1824 4245 1865 4308 stc
1877 4247 1991 4308 statuit}

642 4344 708 4388 cum
725 4323 1010 4408 rjutrnodiflotibus
1027 4326 1209 4389 immediatis
1226 4346 1292 4389 enm
1302 4326 1376 4409 jure
1390 4331 1559 4399 territorii,
1582 4325 1621 4391 &
1629 4326 1915 4409 superioritatem
1927 4344 1991 4390 ton·

510 4489 514 4496 .
644 4409 732 4468 mutii
751 4413 915 4498 perronem
933 4407 1096 4486 imperinm
1111 4395 1251 4472 hisicius
1268 4411 1378 4492 ujitata
1398 4413 1495 4491 proxi
1515 4409 1559 4470 'us
1576 4412 1667 4472 etiam
1681 4404 1873 4488 reformandi
1890 4408 1991 4472 exerti·

644 4491 723 4549 tium
738 4488 896 4566 religionis
909 4497 1069 4565 competat,
1092 4491 1225 4572 etulliqeee
1232 4489 1331 4572 statui
1340 4491 1409 4571 jus,
1434 4431 1519 4568 quod
1530 4490 1584 4572 ipfi
1602 4492 1720 4551 ratione
1738 4491 1892 4550 territorii
1905 4495 1938 4552 in
1956 4507 1991 4550 no

643 4570 730 4650 gotio
748 4568 908 4650 religionis
924 4571 1079 4648 competit,
1098 4571 1244 4654 impediri
1262 4570 1474 4654 meurisse.
1517 4571 1584 4636 Her
1598 4579 1698 4634 tomen
1714 4588 1775 4632 nort
1790 4569 1923 4654 oostmte
1937 4585 1991 4666 pep

1956 4670 1991 4735 Εἴ
