<?xml version="1.0" encoding="UTF-8"?>
<!DOCTYPE html PUBLIC "-//W3C//DTD XHTML 1.0 Transitional//EN"
    "http://www.w3.org/TR/xhtml1/DTD/xhtml1-transitional.dtd">
<html xmlns="http://www.w3.org/1999/xhtml" xml:lang="en" lang="en">
 <head>
  <title>
</title>
<meta http-equiv="Content-Type" content="text/html;charset=utf-8" />
  <meta name='ocr-system' content='tesseract 3.04.00' />
  <meta name='ocr-capabilities' content='ocr_page ocr_carea ocr_par ocr_line ocrx_word'/>
</head>
<body>
  <div class='ocr_page' id='page_1' title='image "./thesavrvsivrise04schmgoog_0458.png"; bbox 0 0 4950 5567; ppageno 0'>
   <div class='ocr_carea' id='block_1_1' title="bbox 508 589 1538 750">
    <p class='ocr_par' dir='ltr' id='par_1_1' title="bbox 508 589 1538 750">
     <span class='ocr_line' id='line_1_1' title="bbox 508 589 1538 750; baseline -0.01 -41"><span class='ocrx_word' id='word_1_1' title='bbox 508 669 583 750; x_wconf 80' lang='lat'>44,</span> <span class='ocrx_word' id='word_1_2' title='bbox 954 589 1538 704; x_wconf 81' lang='lat' dir='ltr'>utssuurarto</span> 
     </span>
    </p>
   </div>
   <div class='ocr_carea' id='block_1_2' title="bbox 512 799 1993 1213">
    <p class='ocr_par' dir='ltr' id='par_1_2' title="bbox 512 799 1993 1213">
     <span class='ocr_line' id='line_1_2' title="bbox 512 799 1989 912; baseline 0.012 -40"><span class='ocrx_word' id='word_1_3' title='bbox 512 851 551 904; x_wconf 64' lang='lat' dir='ltr'><strong>m</strong></span> <span class='ocrx_word' id='word_1_4' title='bbox 563 819 616 897; x_wconf 49' lang='grc' dir='ltr'>,ει</span> <span class='ocrx_word' id='word_1_5' title='bbox 631 820 762 912; x_wconf 52' lang='lat' dir='ltr'>integro</span> <span class='ocrx_word' id='word_1_6' title='bbox 778 809 846 908; x_wconf 87' lang='lat' dir='ltr'>juri</span> <span class='ocrx_word' id='word_1_7' title='bbox 862 799 1070 908; x_wconf 76' lang='lat' dir='ltr'>resortttandi</span> <span class='ocrx_word' id='word_1_8' title='bbox 1086 808 1280 880; x_wconf 88' lang='lat' dir='ltr'>renuntiate</span> <span class='ocrx_word' id='word_1_9' title='bbox 1297 802 1458 892; x_wconf 88' lang='lat' dir='ltr'>debeant,</span> <span class='ocrx_word' id='word_1_10' title='bbox 1481 801 1534 878; x_wconf 93' lang='lat' dir='ltr'>vel</span> <span class='ocrx_word' id='word_1_11' title='bbox 1556 799 1591 876; x_wconf 95' lang='lat' dir='ltr'>id</span> <span class='ocrx_word' id='word_1_12' title='bbox 1611 799 1798 880; x_wconf 81' lang='lat' dir='ltr'>arsliffimis</span> <span class='ocrx_word' id='word_1_13' title='bbox 1819 799 1937 884; x_wconf 83' lang='lat' dir='ltr'>saltem</span> <span class='ocrx_word' id='word_1_14' title='bbox 1954 813 1989 888; x_wconf 88' lang='lat' dir='ltr'>li·</span> 
     </span>
     <span class='ocr_line' id='line_1_3' title="bbox 514 905 1992 1008; baseline -0.006 -14"><span class='ocrx_word' id='word_1_15' title='bbox 514 920 652 1002; x_wconf 83' lang='lat' dir='ltr'>mitibus</span> <span class='ocrx_word' id='word_1_16' title='bbox 666 909 921 1002; x_wconf 84' lang='lat' dir='ltr'>constringatur.</span> <span class='ocrx_word' id='word_1_17' title='bbox 971 911 1191 1006; x_wconf 78' lang='lat' dir='ltr'><strong>Quapropter</strong></span> <span class='ocrx_word' id='word_1_18' title='bbox 1205 905 1445 1004; x_wconf 89' lang='lat' dir='ltr'>dilpiciendum</span> <span class='ocrx_word' id='word_1_19' title='bbox 1461 928 1548 975; x_wconf 87' lang='lat' dir='ltr'>nunc</span> <span class='ocrx_word' id='word_1_20' title='bbox 1570 905 1655 988; x_wconf 90' lang='lat' dir='ltr'>erit,</span> <span class='ocrx_word' id='word_1_21' title='bbox 1677 907 1711 975; x_wconf 91' lang='lat' dir='ltr'>itt</span> <span class='ocrx_word' id='word_1_22' title='bbox 1730 927 1900 1003; x_wconf 87' lang='lat' dir='ltr'>quantum</span> <span class='ocrx_word' id='word_1_23' title='bbox 1915 911 1992 1008; x_wconf 82' lang='lat' dir='ltr'>ejus·</span> 
     </span>
     <span class='ocr_line' id='line_1_4' title="bbox 514 999 1992 1115; baseline 0.004 -36"><span class='ocrx_word' id='word_1_24' title='bbox 514 1019 608 1100; x_wconf 73' lang='lat' dir='ltr'>modi</span> <span class='ocrx_word' id='word_1_25' title='bbox 623 1009 719 1115; x_wconf 74' lang='lat' dir='ltr'>pasis</span> <span class='ocrx_word' id='word_1_26' title='bbox 731 1012 959 1086; x_wconf 82' lang='lat' dir='ltr'>Dominomm</span> <span class='ocrx_word' id='word_1_27' title='bbox 981 1006 1236 1080; x_wconf 88' lang='lat' dir='ltr'>territorialium</span> <span class='ocrx_word' id='word_1_28' title='bbox 1255 1001 1329 1104; x_wconf 81' lang='lat' dir='ltr'>poll</span> <span class='ocrx_word' id='word_1_29' title='bbox 1350 1008 1468 1076; x_wconf 85' lang='lat' dir='ltr'>Pacem</span> <span class='ocrx_word' id='word_1_30' title='bbox 1485 999 1746 1100; x_wconf 88' lang='lat' dir='ltr'>Wellphalicam</span> <span class='ocrx_word' id='word_1_31' title='bbox 1759 1027 1841 1080; x_wconf 85' lang='lat' dir='ltr'>cum</span> <span class='ocrx_word' id='word_1_32' title='bbox 1856 1009 1992 1084; x_wconf 76' lang='lat' dir='ltr'>statibus</span> 
     </span>
     <span class='ocr_line' id='line_1_5' title="bbox 516 1099 1993 1213; baseline 0.001 -30"><span class='ocrx_word' id='word_1_33' title='bbox 516 1119 582 1194; x_wconf 80' lang='lat' dir='ltr'>suit</span> <span class='ocrx_word' id='word_1_34' title='bbox 602 1104 861 1213; x_wconf 76' lang='lat' dir='ltr'>provincialibus</span> <span class='ocrx_word' id='word_1_35' title='bbox 876 1128 933 1180; x_wconf 84' lang='lat' dir='ltr'>sut</span> <span class='ocrx_word' id='word_1_36' title='bbox 946 1102 1084 1181; x_wconf 83' lang='lat' dir='ltr'>subdicit</span> <span class='ocrx_word' id='word_1_37' title='bbox 1104 1106 1187 1180; x_wconf 85' lang='lat' dir='ltr'>inita</span> <span class='ocrx_word' id='word_1_38' title='bbox 1206 1105 1360 1200; x_wconf 80' lang='lat' dir='ltr'>rigorem</span> <span class='ocrx_word' id='word_1_39' title='bbox 1375 1101 1409 1178; x_wconf 80' lang='lat' dir='ltr'>dc</span> <span class='ocrx_word' id='word_1_40' title='bbox 1423 1099 1532 1177; x_wconf 80' lang='lat' dir='ltr'>subur</span> <span class='ocrx_word' id='word_1_41' title='bbox 1548 1101 1713 1193; x_wconf 82' lang='lat' dir='ltr'>habeant,</span> <span class='ocrx_word' id='word_1_42' title='bbox 1736 1101 1773 1178; x_wconf 80' lang='lat' dir='ltr'>dc</span> <span class='ocrx_word' id='word_1_43' title='bbox 1795 1105 1935 1206; x_wconf 77' lang='lat' dir='ltr'>quaudo</span> <span class='ocrx_word' id='word_1_44' title='bbox 1945 1106 1993 1184; x_wconf 80' lang='lat' dir='ltr'>sua</span> 
     </span>
    </p>
   </div>
   <div class='ocr_carea' id='block_1_3' title="bbox 513 1203 902 1294">
    <p class='ocr_par' dir='ltr' id='par_1_3' title="bbox 513 1203 902 1294">
     <span class='ocr_line' id='line_1_6' title="bbox 513 1203 902 1294; baseline -0.033 -2"><span class='ocrx_word' id='word_1_45' title='bbox 513 1214 732 1294; x_wconf 79' lang='lat' dir='ltr'>destituantur</span> <span class='ocrx_word' id='word_1_46' title='bbox 746 1203 902 1284; x_wconf 85' lang='lat' dir='ltr'>efficacis.</span> 
     </span>
    </p>
   </div>
   <div class='ocr_carea' id='block_1_4' title="bbox 1189 1370 1329 1464">
    <p class='ocr_par' dir='ltr' id='par_1_4' title="bbox 1189 1370 1329 1464">
     <span class='ocr_line' id='line_1_7' title="bbox 1189 1370 1329 1464; baseline 0 -15"><span class='ocrx_word' id='word_1_47' title='bbox 1189 1375 1227 1464; x_wconf 71' lang='grc'>9.</span> <span class='ocrx_word' id='word_1_48' title='bbox 1274 1370 1329 1450; x_wconf 88' lang='lat'>11.</span> 
     </span>
    </p>
   </div>
   <div class='ocr_carea' id='block_1_5' title="bbox 513 1500 1993 1705">
    <p class='ocr_par' dir='ltr' id='par_1_5' title="bbox 513 1500 1993 1705">
     <span class='ocr_line' id='line_1_8' title="bbox 629 1500 1993 1610; baseline -0.026 -19"><span class='ocrx_word' id='word_1_49' title='bbox 629 1515 831 1610; x_wconf 77' lang='lat' dir='ltr'><strong>Priusquam</strong></span> <span class='ocrx_word' id='word_1_50' title='bbox 854 1531 965 1586; x_wconf 86' lang='lat' dir='ltr'>tutem</span> <span class='ocrx_word' id='word_1_51' title='bbox 987 1507 1028 1580; x_wconf 88' lang='lat' dir='ltr'>ad</span> <span class='ocrx_word' id='word_1_52' title='bbox 1052 1505 1189 1606; x_wconf 88' lang='lat' dir='ltr'>scopum</span> <span class='ocrx_word' id='word_1_53' title='bbox 1211 1504 1387 1608; x_wconf 78' lang='lat' dir='ltr'>prefixum</span> <span class='ocrx_word' id='word_1_54' title='bbox 1408 1503 1605 1589; x_wconf 72' lang='lat' dir='ltr'>deveniam,</span> <span class='ocrx_word' id='word_1_55' title='bbox 1636 1500 1993 1606; x_wconf 53' lang='lat' dir='ltr'>prelorum-,jumi</span> 
     </span>
     <span class='ocr_line' id='line_1_9' title="bbox 513 1601 1991 1705; baseline -0.014 -11"><span class='ocrx_word' id='word_1_56' title='bbox 513 1640 685 1698; x_wconf 81' lang='lat' dir='ltr'>nauatam,</span> <span class='ocrx_word' id='word_1_57' title='bbox 707 1637 744 1685; x_wconf 89' lang='lat' dir='ltr'>ac</span> <span class='ocrx_word' id='word_1_58' title='bbox 767 1608 915 1683; x_wconf 81' lang='lat' dir='ltr'>indolem</span> <span class='ocrx_word' id='word_1_59' title='bbox 937 1607 1095 1702; x_wconf 87' lang='lat' dir='ltr'>indagare</span> <span class='ocrx_word' id='word_1_60' title='bbox 1110 1605 1288 1705; x_wconf 73' lang='lat' dir='ltr'>prestabit.</span> <span class='ocrx_word' id='word_1_61' title='bbox 1334 1611 1400 1679; x_wconf 89' lang='lat' dir='ltr'>Per</span> <span class='ocrx_word' id='word_1_62' title='bbox 1419 1601 1516 1700; x_wconf 76' lang='lat' dir='ltr'>posia</span> <span class='ocrx_word' id='word_1_63' title='bbox 1530 1603 1991 1700; x_wconf 74' lang='lat' dir='ltr'>videlicetcircareligiottem</span> 
     </span>
    </p>
   </div>
   <div class='ocr_carea' id='block_1_6' title="bbox 511 1701 2030 1808">
    <p class='ocr_par' dir='ltr' id='par_1_6' title="bbox 511 1701 2030 1808">
     <span class='ocr_line' id='line_1_10' title="bbox 511 1701 2030 1808; baseline -0.022 -14"><span class='ocrx_word' id='word_1_64' title='bbox 511 1717 666 1808; x_wconf 87' lang='lat' dir='ltr'>intelligo</span> <span class='ocrx_word' id='word_1_65' title='bbox 687 1709 921 1781; x_wconf 78' lang='lat' dir='ltr'>conventiones</span> <span class='ocrx_word' id='word_1_66' title='bbox 942 1706 1033 1789; x_wconf 85' lang='lat' dir='ltr'>illas,</span> <span class='ocrx_word' id='word_1_67' title='bbox 1055 1709 1149 1805; x_wconf 85' lang='lat' dir='ltr'>queit</span> <span class='ocrx_word' id='word_1_68' title='bbox 1169 1707 1338 1779; x_wconf 82' lang='lat' dir='ltr'>Dominus</span> <span class='ocrx_word' id='word_1_69' title='bbox 1359 1704 1523 1777; x_wconf 91' lang='lat' dir='ltr'>territorii</span> <span class='ocrx_word' id='word_1_70' title='bbox 1545 1701 1704 1776; x_wconf 81' lang='lat' dir='ltr'>transens</span> <span class='ocrx_word' id='word_1_71' title='bbox 1724 1729 1743 1775; x_wconf 90' lang='lat' dir='ltr'>a</span> <span class='ocrx_word' id='word_1_72' title='bbox 1762 1705 1992 1782; x_wconf 73' lang='lat' dir='ltr'>Protesttntiet</span> <span class='ocrx_word' id='word_1_73' title='bbox 2026 1707 2030 1760; x_wconf 74' lang='grc' dir='ltr'><strong>ς</strong></span> 
     </span>
    </p>
   </div>
   <div class='ocr_carea' id='block_1_7' title="bbox 514 1799 1990 1999">
    <p class='ocr_par' dir='ltr' id='par_1_7' title="bbox 514 1799 1990 1999">
     <span class='ocr_line' id='line_1_11' title="bbox 514 1799 1990 1907; baseline -0.016 -16"><span class='ocrx_word' id='word_1_74' title='bbox 514 1817 558 1891; x_wconf 84' lang='lat' dir='ltr'>ad</span> <span class='ocrx_word' id='word_1_75' title='bbox 579 1815 777 1907; x_wconf 84' lang='lat' dir='ltr'>religionem</span> <span class='ocrx_word' id='word_1_76' title='bbox 793 1805 1001 1879; x_wconf 75' lang='lat' dir='ltr'>catholicam</span> <span class='ocrx_word' id='word_1_77' title='bbox 1026 1802 1059 1878; x_wconf 91' lang='lat' dir='ltr'>se</span> <span class='ocrx_word' id='word_1_78' title='bbox 1081 1803 1208 1900; x_wconf 90' lang='lat' dir='ltr'>obligat</span> <span class='ocrx_word' id='word_1_79' title='bbox 1230 1799 1498 1883; x_wconf 70' lang='lat' dir='ltr'>adfruendum,</span> <span class='ocrx_word' id='word_1_80' title='bbox 1520 1802 1765 1886; x_wconf 91' lang='lat' dir='ltr'>omittendum,</span> <span class='ocrx_word' id='word_1_81' title='bbox 1790 1829 1850 1877; x_wconf 89' lang='lat' dir='ltr'>aut</span> <span class='ocrx_word' id='word_1_82' title='bbox 1863 1811 1990 1902; x_wconf 64' lang='lat' dir='ltr'>permit.</span> 
     </span>
     <span class='ocr_line' id='line_1_12' title="bbox 514 1898 1990 1999; baseline -0.009 -10"><span class='ocrx_word' id='word_1_83' title='bbox 514 1912 653 1990; x_wconf 87' lang='lat' dir='ltr'>tendum</span> <span class='ocrx_word' id='word_1_84' title='bbox 667 1906 795 1998; x_wconf 86' lang='lat' dir='ltr'>aliquid</span> <span class='ocrx_word' id='word_1_85' title='bbox 809 1907 895 1978; x_wconf 91' lang='lat' dir='ltr'>circa</span> <span class='ocrx_word' id='word_1_86' title='bbox 911 1905 1112 1996; x_wconf 85' lang='lat' dir='ltr'>religionem</span> <span class='ocrx_word' id='word_1_87' title='bbox 1128 1907 1232 1977; x_wconf 87' lang='lat' dir='ltr'>aliave</span> <span class='ocrx_word' id='word_1_88' title='bbox 1247 1898 1469 1981; x_wconf 77' lang='lat' dir='ltr'>ecclesallica,</span> <span class='ocrx_word' id='word_1_89' title='bbox 1486 1904 1597 1972; x_wconf 84' lang='lat' dir='ltr'>Status</span> <span class='ocrx_word' id='word_1_90' title='bbox 1611 1925 1692 1973; x_wconf 90' lang='lat' dir='ltr'>veru</span> <span class='ocrx_word' id='word_1_91' title='bbox 1705 1903 1934 1999; x_wconf 74' lang='lat' dir='ltr'>provinciales</span> <span class='ocrx_word' id='word_1_92' title='bbox 1946 1908 1990 1984; x_wconf 74' lang='lat' dir='ltr'>vd</span> 
     </span>
    </p>
   </div>
   <div class='ocr_carea' id='block_1_8' title="bbox 512 1995 2030 2099">
    <p class='ocr_par' dir='ltr' id='par_1_8' title="bbox 512 1995 2030 2099">
     <span class='ocr_line' id='line_1_13' title="bbox 512 1995 2030 2099; baseline -0.011 -8"><span class='ocrx_word' id='word_1_93' title='bbox 512 2011 636 2090; x_wconf 87' lang='lat' dir='ltr'>subditi</span> <span class='ocrx_word' id='word_1_94' title='bbox 653 2003 815 2085; x_wconf 88' lang='lat' dir='ltr'>diversam</span> <span class='ocrx_word' id='word_1_95' title='bbox 829 2030 849 2077; x_wconf 86' lang='lat' dir='ltr'>a</span> <span class='ocrx_word' id='word_1_96' title='bbox 863 2004 1012 2075; x_wconf 87' lang='lat' dir='ltr'>Domino</span> <span class='ocrx_word' id='word_1_97' title='bbox 1025 2001 1224 2094; x_wconf 81' lang='lat' dir='ltr'>religionem</span> <span class='ocrx_word' id='word_1_98' title='bbox 1240 1996 1438 2099; x_wconf 81' lang='lat' dir='ltr'>profitentes</span> <span class='ocrx_word' id='word_1_99' title='bbox 1454 1995 1487 2071; x_wconf 93' lang='lat' dir='ltr'>se</span> <span class='ocrx_word' id='word_1_100' title='bbox 1500 1997 1536 2069; x_wconf 94' lang='lat' dir='ltr'>id</span> <span class='ocrx_word' id='word_1_101' title='bbox 1552 2023 1725 2099; x_wconf 88' lang='lat' dir='ltr'>acceptare</span> <span class='ocrx_word' id='word_1_102' title='bbox 1744 1997 1918 2079; x_wconf 82' lang='lat' dir='ltr'>testantur.</span> <span class='ocrx_word' id='word_1_103' title='bbox 2028 2037 2030 2042; x_wconf 96' lang='lat'>·</span> 
     </span>
    </p>
   </div>
   <div class='ocr_carea' id='block_1_9' title="bbox 627 2207 1988 2446">
    <p class='ocr_par' dir='ltr' id='par_1_9' title="bbox 627 2207 1988 2446">
     <span class='ocr_line' id='line_1_14' title="bbox 1195 2207 1332 2284; baseline 0.015 -2"><span class='ocrx_word' id='word_1_104' title='bbox 1195 2265 1202 2282; x_wconf 90' lang='lat'><em>.</em></span> <span class='ocrx_word' id='word_1_105' title='bbox 1253 2207 1332 2284; x_wconf 87' lang='lat'><em>111.</em></span> 
     </span>
     <span class='ocr_line' id='line_1_15' title="bbox 627 2214 1988 2446; baseline 0.001 -23"><span class='ocrx_word' id='word_1_106' title='bbox 627 2344 804 2424; x_wconf 85' lang='lat' dir='ltr'>Differurtt</span> <span class='ocrx_word' id='word_1_107' title='bbox 825 2343 921 2446; x_wconf 70' lang='lat' dir='ltr'>psas</span> <span class='ocrx_word' id='word_1_108' title='bbox 942 2347 1032 2421; x_wconf 88' lang='lat' dir='ltr'>cirea</span> <span class='ocrx_word' id='word_1_109' title='bbox 1054 2214 1279 2440; x_wconf 70' lang='lat' dir='ltr'>teltgioltemt</span> <span class='ocrx_word' id='word_1_110' title='bbox 1312 2341 1377 2416; x_wconf 89' lang='lat' dir='ltr'>alia</span> <span class='ocrx_word' id='word_1_111' title='bbox 1397 2343 1488 2416; x_wconf 89' lang='lat' dir='ltr'>enim</span> <span class='ocrx_word' id='word_1_112' title='bbox 1511 2340 1647 2442; x_wconf 87' lang='lat' dir='ltr'>publica</span> <span class='ocrx_word' id='word_1_113' title='bbox 1664 2342 1842 2438; x_wconf 88' lang='lat' dir='ltr'>dicuntur,</span> <span class='ocrx_word' id='word_1_114' title='bbox 1875 2349 1988 2424; x_wconf 84' lang='lat' dir='ltr'>intuita</span> 
     </span>
    </p>
   </div>
   <div class='ocr_carea' id='block_1_10' title="bbox 500 2439 1990 4318">
    <p class='ocr_par' dir='ltr' id='par_1_10' title="bbox 500 2439 1990 4318">
     <span class='ocr_line' id='line_1_16' title="bbox 511 2439 1988 2556; baseline -0.002 -31"><span class='ocrx_word' id='word_1_115' title='bbox 511 2445 746 2556; x_wconf 85' lang='lat' dir='ltr'>paciscentium</span> <span class='ocrx_word' id='word_1_116' title='bbox 761 2470 857 2543; x_wconf 84' lang='lat' dir='ltr'>teque</span> <span class='ocrx_word' id='word_1_117' title='bbox 871 2471 907 2517; x_wconf 87' lang='lat' dir='ltr'>ac</span> <span class='ocrx_word' id='word_1_118' title='bbox 922 2445 1042 2528; x_wconf 79' lang='lat' dir='ltr'>caule,</span> <span class='ocrx_word' id='word_1_119' title='bbox 1061 2466 1205 2545; x_wconf 92' lang='lat' dir='ltr'>propter</span> <span class='ocrx_word' id='word_1_120' title='bbox 1221 2467 1322 2541; x_wconf 92' lang='lat' dir='ltr'>quam</span> <span class='ocrx_word' id='word_1_121' title='bbox 1336 2439 1577 2524; x_wconf 87' lang='lat' dir='ltr'>conficiuntur,</span> <span class='ocrx_word' id='word_1_122' title='bbox 1602 2468 1677 2542; x_wconf 80' lang='lat' dir='ltr'>que</span> <span class='ocrx_word' id='word_1_123' title='bbox 1690 2445 1853 2518; x_wconf 91' lang='lat' dir='ltr'>nimirum</span> <span class='ocrx_word' id='word_1_124' title='bbox 1869 2471 1911 2520; x_wconf 85' lang='lat' dir='ltr'>er</span> <span class='ocrx_word' id='word_1_125' title='bbox 1924 2472 1988 2522; x_wconf 87' lang='lat' dir='ltr'>ctu-</span> 
     </span>
     <span class='ocr_line' id='line_1_17' title="bbox 510 2541 1987 2648; baseline -0.004 -21"><span class='ocrx_word' id='word_1_126' title='bbox 510 2552 544 2628; x_wconf 87' lang='lat' dir='ltr'>ss</span> <span class='ocrx_word' id='word_1_127' title='bbox 565 2547 707 2648; x_wconf 75' lang='lat' dir='ltr'>publice</span> <span class='ocrx_word' id='word_1_128' title='bbox 731 2541 945 2636; x_wconf 78' lang='lat' dir='ltr'>necessitatis,</span> <span class='ocrx_word' id='word_1_129' title='bbox 971 2543 1144 2628; x_wconf 79' lang='lat' dir='ltr'>utilitatis,</span> <span class='ocrx_word' id='word_1_130' title='bbox 1170 2564 1228 2615; x_wconf 90' lang='lat' dir='ltr'>aut</span> <span class='ocrx_word' id='word_1_131' title='bbox 1248 2541 1517 2638; x_wconf 85' lang='lat' dir='ltr'>tranquillitatis,</span> <span class='ocrx_word' id='word_1_132' title='bbox 1543 2543 1632 2614; x_wconf 90' lang='lat' dir='ltr'>inter</span> <span class='ocrx_word' id='word_1_133' title='bbox 1653 2543 1812 2640; x_wconf 83' lang='lat' dir='ltr'>personas</span> <span class='ocrx_word' id='word_1_134' title='bbox 1834 2543 1987 2642; x_wconf 81' lang='lat' dir='ltr'>publicat,</span> 
     </span>
     <span class='ocr_line' id='line_1_18' title="bbox 512 2641 1989 2733; baseline -0.003 -11"><span class='ocrx_word' id='word_1_135' title='bbox 512 2649 549 2726; x_wconf 92' lang='lat' dir='ltr'>id</span> <span class='ocrx_word' id='word_1_136' title='bbox 564 2645 628 2731; x_wconf 84' lang='lat' dir='ltr'>esi,</span> <span class='ocrx_word' id='word_1_137' title='bbox 653 2647 742 2719; x_wconf 90' lang='lat' dir='ltr'>inter</span> <span class='ocrx_word' id='word_1_138' title='bbox 755 2647 867 2718; x_wconf 86' lang='lat' dir='ltr'>Status</span> <span class='ocrx_word' id='word_1_139' title='bbox 881 2641 987 2724; x_wconf 90' lang='lat' dir='ltr'>solos,</span> <span class='ocrx_word' id='word_1_140' title='bbox 1011 2665 1068 2714; x_wconf 88' lang='lat' dir='ltr'>aut</span> <span class='ocrx_word' id='word_1_141' title='bbox 1082 2663 1253 2712; x_wconf 85' lang='lat' dir='ltr'>extraneas</span> <span class='ocrx_word' id='word_1_142' title='bbox 1268 2643 1369 2712; x_wconf 87' lang='lat' dir='ltr'>etism</span> <span class='ocrx_word' id='word_1_143' title='bbox 1385 2662 1502 2733; x_wconf 86' lang='lat' dir='ltr'>gentes</span> <span class='ocrx_word' id='word_1_144' title='bbox 1517 2646 1772 2714; x_wconf 81' lang='lat' dir='ltr'>conveniuntur.</span> <span class='ocrx_word' id='word_1_145' title='bbox 1825 2647 1895 2716; x_wconf 85' lang='lat' dir='ltr'>His</span> <span class='ocrx_word' id='word_1_146' title='bbox 1906 2647 1989 2718; x_wconf 86' lang='lat' dir='ltr'>indu·</span> 
     </span>
     <span class='ocr_line' id='line_1_19' title="bbox 513 2735 1988 2830; baseline -0.004 -6"><span class='ocrx_word' id='word_1_147' title='bbox 513 2749 617 2824; x_wconf 86' lang='lat' dir='ltr'>bitate</span> <span class='ocrx_word' id='word_1_148' title='bbox 631 2741 830 2819; x_wconf 83' lang='lat' dir='ltr'>accensenda</span> <span class='ocrx_word' id='word_1_149' title='bbox 844 2745 936 2814; x_wconf 89' lang='lat' dir='ltr'>venit</span> <span class='ocrx_word' id='word_1_150' title='bbox 946 2746 1010 2814; x_wconf 82' lang='lat' dir='ltr'>Pax</span> <span class='ocrx_word' id='word_1_151' title='bbox 1024 2735 1284 2830; x_wconf 84' lang='lat' dir='ltr'>osnabrugenlia</span> <span class='ocrx_word' id='word_1_152' title='bbox 1297 2761 1433 2810; x_wconf 89' lang='lat' dir='ltr'>omnem</span> <span class='ocrx_word' id='word_1_153' title='bbox 1446 2735 1616 2811; x_wconf 87' lang='lat' dir='ltr'>sacrorum</span> <span class='ocrx_word' id='word_1_154' title='bbox 1631 2741 1664 2810; x_wconf 91' lang='lat' dir='ltr'>itt</span> <span class='ocrx_word' id='word_1_155' title='bbox 1679 2741 1863 2814; x_wconf 87' lang='lat' dir='ltr'>Germania</span> <span class='ocrx_word' id='word_1_156' title='bbox 1877 2740 1988 2818; x_wconf 79' lang='lat' dir='ltr'>ilatum</span> 
     </span>
     <span class='ocr_line' id='line_1_20' title="bbox 509 2834 1987 2933; baseline -0.003 -13"><span class='ocrx_word' id='word_1_157' title='bbox 509 2845 678 2921; x_wconf 79' lang='lat' dir='ltr'>stabiliens</span> <span class='ocrx_word' id='word_1_158' title='bbox 704 2867 740 2913; x_wconf 85' lang='lat' dir='ltr'>ac</span> <span class='ocrx_word' id='word_1_159' title='bbox 760 2837 941 2919; x_wconf 81' lang='lat' dir='ltr'>definiens,</span> <span class='ocrx_word' id='word_1_160' title='bbox 966 2860 1039 2930; x_wconf 79' lang='lat' dir='ltr'>qua</span> <span class='ocrx_word' id='word_1_161' title='bbox 1061 2859 1137 2906; x_wconf 91' lang='lat' dir='ltr'>cum</span> <span class='ocrx_word' id='word_1_162' title='bbox 1161 2839 1250 2908; x_wconf 88' lang='lat' dir='ltr'>iuter</span> <span class='ocrx_word' id='word_1_163' title='bbox 1271 2858 1386 2929; x_wconf 88' lang='lat' dir='ltr'>gentes</span> <span class='ocrx_word' id='word_1_164' title='bbox 1409 2838 1614 2909; x_wconf 78' lang='lat' dir='ltr'>Germanico</span> <span class='ocrx_word' id='word_1_165' title='bbox 1635 2834 1800 2933; x_wconf 87' lang='lat' dir='ltr'>syllcmati</span> <span class='ocrx_word' id='word_1_166' title='bbox 1825 2837 1987 2914; x_wconf 75' lang='lat' dir='ltr'>adstridas</span> 
     </span>
     <span class='ocr_line' id='line_1_21' title="bbox 509 2929 1988 3043; baseline -0.004 -27"><span class='ocrx_word' id='word_1_167' title='bbox 509 2939 659 3043; x_wconf 84' lang='lat' dir='ltr'>perculsu</span> <span class='ocrx_word' id='word_1_168' title='bbox 684 2936 804 3018; x_wconf 87' lang='lat' dir='ltr'>fuerit,</span> <span class='ocrx_word' id='word_1_169' title='bbox 828 2932 1006 3008; x_wconf 87' lang='lat' dir='ltr'>necessario</span> <span class='ocrx_word' id='word_1_170' title='bbox 1028 2929 1163 3030; x_wconf 76' lang='lat' dir='ltr'>pallum</span> <span class='ocrx_word' id='word_1_171' title='bbox 1188 2960 1224 3006; x_wconf 88' lang='lat' dir='ltr'>se</span> <span class='ocrx_word' id='word_1_172' title='bbox 1246 2929 1356 3007; x_wconf 84' lang='lat' dir='ltr'>soedus</span> <span class='ocrx_word' id='word_1_173' title='bbox 1372 2937 1515 3006; x_wconf 87' lang='lat' dir='ltr'>maxime</span> <span class='ocrx_word' id='word_1_174' title='bbox 1534 2931 1705 3030; x_wconf 90' lang='lat' dir='ltr'>publicum</span> <span class='ocrx_word' id='word_1_175' title='bbox 1720 2934 1838 3008; x_wconf 80' lang='lat' dir='ltr'>nostre</span> <span class='ocrx_word' id='word_1_176' title='bbox 1855 2942 1988 3012; x_wconf 88' lang='lat' dir='ltr'>Germa·</span> 
     </span>
     <span class='ocr_line' id='line_1_22' title="bbox 510 3032 1986 3146; baseline -0.004 -30"><span class='ocrx_word' id='word_1_177' title='bbox 510 3047 574 3115; x_wconf 80' lang='lat' dir='ltr'>niae</span> <span class='ocrx_word' id='word_1_178' title='bbox 598 3038 702 3110; x_wconf 88' lang='lat' dir='ltr'>audtt.</span> <span class='ocrx_word' id='word_1_179' title='bbox 750 3041 805 3108; x_wconf 86' lang='lat' dir='ltr'>Stc</span> <span class='ocrx_word' id='word_1_180' title='bbox 821 3059 894 3128; x_wconf 87' lang='lat' dir='ltr'>patr</span> <span class='ocrx_word' id='word_1_181' title='bbox 912 3057 1046 3106; x_wconf 90' lang='lat' dir='ltr'>numtne</span> <span class='ocrx_word' id='word_1_182' title='bbox 1068 3035 1211 3128; x_wconf 80' lang='lat' dir='ltr'>excipias</span> <span class='ocrx_word' id='word_1_183' title='bbox 1235 3032 1372 3146; x_wconf 71' lang='lat' dir='ltr'>paslum</span> <span class='ocrx_word' id='word_1_184' title='bbox 1394 3033 1496 3115; x_wconf 93' lang='lat' dir='ltr'>illud,</span> <span class='ocrx_word' id='word_1_185' title='bbox 1522 3033 1612 3129; x_wconf 90' lang='lat' dir='ltr'>quod</span> <span class='ocrx_word' id='word_1_186' title='bbox 1634 3038 1818 3108; x_wconf 80' lang='lat' dir='ltr'>Provinciae</span> <span class='ocrx_word' id='word_1_187' title='bbox 1838 3033 1986 3111; x_wconf 84' lang='lat' dir='ltr'>soedertti</span> 
     </span>
     <span class='ocr_line' id='line_1_23' title="bbox 507 3129 1985 3232; baseline -0.002 -20"><span class='ocrx_word' id='word_1_188' title='bbox 507 3140 616 3232; x_wconf 86' lang='lat' dir='ltr'>Belgii</span> <span class='ocrx_word' id='word_1_189' title='bbox 631 3139 665 3207; x_wconf 92' lang='lat' dir='ltr'>in</span> <span class='ocrx_word' id='word_1_190' title='bbox 681 3130 804 3205; x_wconf 88' lang='lat' dir='ltr'>celebri</span> <span class='ocrx_word' id='word_1_191' title='bbox 827 3129 882 3203; x_wconf 89' lang='lat' dir='ltr'>illa</span> <span class='ocrx_word' id='word_1_192' title='bbox 903 3133 1121 3205; x_wconf 89' lang='lat' dir='ltr'>conventione</span> <span class='ocrx_word' id='word_1_193' title='bbox 1137 3129 1360 3228; x_wconf 72' lang='lat' dir='ltr'>Ultrsjeslina</span> <span class='ocrx_word' id='word_1_194' title='bbox 1375 3155 1552 3217; x_wconf 85' lang='lat' dir='ltr'>caverunt,</span> <span class='ocrx_word' id='word_1_195' title='bbox 1578 3155 1615 3202; x_wconf 95' lang='lat' dir='ltr'>ut</span> <span class='ocrx_word' id='word_1_196' title='bbox 1629 3157 1750 3228; x_wconf 86' lang='lat' dir='ltr'>nempe</span> <span class='ocrx_word' id='word_1_197' title='bbox 1766 3131 1901 3226; x_wconf 75' lang='lat' dir='ltr'>lingula</span> <span class='ocrx_word' id='word_1_198' title='bbox 1916 3141 1985 3208; x_wconf 82' lang='lat' dir='ltr'>Pru·</span> 
     </span>
     <span class='ocr_line' id='line_1_24' title="bbox 508 3227 1984 3328; baseline -0.002 -18"><span class='ocrx_word' id='word_1_199' title='bbox 508 3241 626 3310; x_wconf 77' lang='lat' dir='ltr'>viuciae</span> <span class='ocrx_word' id='word_1_200' title='bbox 648 3237 777 3304; x_wconf 89' lang='lat' dir='ltr'>ratione</span> <span class='ocrx_word' id='word_1_201' title='bbox 795 3227 964 3303; x_wconf 85' lang='lat' dir='ltr'>sacrorum</span> <span class='ocrx_word' id='word_1_202' title='bbox 984 3228 1033 3302; x_wconf 91' lang='lat' dir='ltr'>sui</span> <span class='ocrx_word' id='word_1_203' title='bbox 1053 3231 1137 3326; x_wconf 80' lang='lat' dir='ltr'>juris</span> <span class='ocrx_word' id='word_1_204' title='bbox 1155 3255 1348 3316; x_wconf 88' lang='lat' dir='ltr'>manerent,</span> <span class='ocrx_word' id='word_1_205' title='bbox 1371 3232 1405 3304; x_wconf 84' lang='lat' dir='ltr'>dr</span> <span class='ocrx_word' id='word_1_206' title='bbox 1429 3231 1596 3302; x_wconf 90' lang='lat' dir='ltr'>incolume</span> <span class='ocrx_word' id='word_1_207' title='bbox 1619 3230 1786 3303; x_wconf 88' lang='lat' dir='ltr'>servarent</span> <span class='ocrx_word' id='word_1_208' title='bbox 1806 3235 1984 3328; x_wconf 85' lang='lat' dir='ltr'>Religionis</span> 
     </span>
     <span class='ocr_line' id='line_1_25' title="bbox 507 3325 1984 3430; baseline -0.004 -21"><span class='ocrx_word' id='word_1_209' title='bbox 507 3333 698 3409; x_wconf 83' lang='lat' dir='ltr'>arbitrium.</span> <span class='ocrx_word' id='word_1_210' title='bbox 750 3330 826 3400; x_wconf 85' lang='lat' dir='ltr'>Alia</span> <span class='ocrx_word' id='word_1_211' title='bbox 850 3325 1016 3401; x_wconf 85' lang='lat' dir='ltr'>foederum</span> <span class='ocrx_word' id='word_1_212' title='bbox 1038 3330 1203 3425; x_wconf 87' lang='lat' dir='ltr'>ejusmodi</span> <span class='ocrx_word' id='word_1_213' title='bbox 1221 3329 1435 3424; x_wconf 88' lang='lat' dir='ltr'>publicorum</span> <span class='ocrx_word' id='word_1_214' title='bbox 1452 3332 1538 3401; x_wconf 87' lang='lat' dir='ltr'>circa</span> <span class='ocrx_word' id='word_1_215' title='bbox 1555 3329 1755 3421; x_wconf 85' lang='lat' dir='ltr'>religionem</span> <span class='ocrx_word' id='word_1_216' title='bbox 1772 3337 1926 3430; x_wconf 85' lang='lat' dir='ltr'>exempla</span> <span class='ocrx_word' id='word_1_217' title='bbox 1940 3359 1984 3406; x_wconf 90' lang='lat' dir='ltr'>cr·</span> 
     </span>
     <span class='ocr_line' id='line_1_26' title="bbox 509 3424 1984 3526; baseline -0.003 -17"><span class='ocrx_word' id='word_1_218' title='bbox 509 3453 695 3526; x_wconf 83' lang='lat' dir='ltr'>tamquam</span> <span class='ocrx_word' id='word_1_219' title='bbox 739 3428 871 3500; x_wconf 90' lang='lat' dir='ltr'>luritna.</span> <span class='ocrx_word' id='word_1_220' title='bbox 920 3433 977 3498; x_wconf 89' lang='lat' dir='ltr'>Ne</span> <span class='ocrx_word' id='word_1_221' title='bbox 1002 3453 1082 3500; x_wconf 85' lang='lat' dir='ltr'>reto</span> <span class='ocrx_word' id='word_1_222' title='bbox 1102 3432 1135 3497; x_wconf 88' lang='lat' dir='ltr'>itt</span> <span class='ocrx_word' id='word_1_223' title='bbox 1157 3430 1196 3500; x_wconf 87' lang='lat' dir='ltr'>iis</span> <span class='ocrx_word' id='word_1_224' title='bbox 1213 3426 1421 3501; x_wconf 86' lang='lat' dir='ltr'>recensendis</span> <span class='ocrx_word' id='word_1_225' title='bbox 1437 3426 1586 3499; x_wconf 83' lang='lat' dir='ltr'>infinitus</span> <span class='ocrx_word' id='word_1_226' title='bbox 1608 3424 1742 3500; x_wconf 87' lang='lat' dir='ltr'>fortasse</span> <span class='ocrx_word' id='word_1_227' title='bbox 1757 3431 1891 3514; x_wconf 88' lang='lat' dir='ltr'>videar,</span> <span class='ocrx_word' id='word_1_228' title='bbox 1915 3433 1984 3504; x_wconf 92' lang='lat' dir='ltr'>reli·</span> 
     </span>
     <span class='ocr_line' id='line_1_27' title="bbox 506 3454 1981 3630; baseline -0.003 -27"><span class='ocrx_word' id='word_1_229' title='bbox 506 3533 584 3630; x_wconf 84' lang='lat' dir='ltr'>quia</span> <span class='ocrx_word' id='word_1_230' title='bbox 600 3454 844 3625; x_wconf 65' lang='lat' dir='ltr'>supersedendo</span> <span class='ocrx_word' id='word_1_231' title='bbox 861 3523 1026 3598; x_wconf 84' lang='lat' dir='ltr'>annotalse</span> <span class='ocrx_word' id='word_1_232' title='bbox 1040 3520 1196 3607; x_wconf 87' lang='lat' dir='ltr'>sufficiat,</span> <span class='ocrx_word' id='word_1_233' title='bbox 1217 3527 1344 3598; x_wconf 88' lang='lat' dir='ltr'>variam</span> <span class='ocrx_word' id='word_1_234' title='bbox 1359 3524 1422 3598; x_wconf 85' lang='lat' dir='ltr'>esse</span> <span class='ocrx_word' id='word_1_235' title='bbox 1436 3523 1612 3623; x_wconf 83' lang='lat' dir='ltr'>paslurum</span> <span class='ocrx_word' id='word_1_236' title='bbox 1627 3527 1792 3621; x_wconf 86' lang='lat' dir='ltr'>ejusmodi</span> <span class='ocrx_word' id='word_1_237' title='bbox 1809 3533 1981 3604; x_wconf 87' lang='lat' dir='ltr'>rationem:</span> 
     </span>
     <span class='ocr_line' id='line_1_28' title="bbox 504 3621 1980 3726; baseline -0.003 -22"><span class='ocrx_word' id='word_1_238' title='bbox 504 3631 541 3704; x_wconf 90' lang='lat' dir='ltr'>in</span> <span class='ocrx_word' id='word_1_239' title='bbox 563 3629 603 3700; x_wconf 87' lang='lat' dir='ltr'>iis</span> <span class='ocrx_word' id='word_1_240' title='bbox 619 3628 708 3698; x_wconf 89' lang='lat' dir='ltr'>enim</span> <span class='ocrx_word' id='word_1_241' title='bbox 725 3624 777 3696; x_wconf 88' lang='lat' dir='ltr'>vel</span> <span class='ocrx_word' id='word_1_242' title='bbox 799 3625 947 3722; x_wconf 87' lang='lat' dir='ltr'>populus</span> <span class='ocrx_word' id='word_1_243' title='bbox 962 3647 1094 3716; x_wconf 85' lang='lat' dir='ltr'>gentem</span> <span class='ocrx_word' id='word_1_244' title='bbox 1118 3621 1174 3695; x_wconf 81' lang='lat' dir='ltr'>fibi</span> <span class='ocrx_word' id='word_1_245' title='bbox 1200 3624 1297 3695; x_wconf 89' lang='lat' dir='ltr'>aliam</span> <span class='ocrx_word' id='word_1_246' title='bbox 1314 3621 1507 3717; x_wconf 80' lang='lat' dir='ltr'>obstringit,</span> <span class='ocrx_word' id='word_1_247' title='bbox 1530 3647 1568 3696; x_wconf 91' lang='lat' dir='ltr'>ut</span> <span class='ocrx_word' id='word_1_248' title='bbox 1584 3622 1684 3721; x_wconf 83' lang='lat' dir='ltr'>ipsius</span> <span class='ocrx_word' id='word_1_249' title='bbox 1699 3628 1732 3695; x_wconf 91' lang='lat' dir='ltr'>in</span> <span class='ocrx_word' id='word_1_250' title='bbox 1745 3624 1801 3697; x_wconf 91' lang='lat' dir='ltr'>sua</span> <span class='ocrx_word' id='word_1_251' title='bbox 1818 3627 1980 3726; x_wconf 85' lang='lat' dir='ltr'>republica</span> 
     </span>
     <span class='ocr_line' id='line_1_29' title="bbox 503 3718 1979 3821; baseline 0.001 -24"><span class='ocrx_word' id='word_1_252' title='bbox 503 3726 678 3819; x_wconf 85' lang='lat' dir='ltr'>religionis</span> <span class='ocrx_word' id='word_1_253' title='bbox 702 3724 895 3795; x_wconf 86' lang='lat' dir='ltr'>exercitium</span> <span class='ocrx_word' id='word_1_254' title='bbox 919 3720 1055 3804; x_wconf 88' lang='lat' dir='ltr'>toleret,</span> <span class='ocrx_word' id='word_1_255' title='bbox 1083 3718 1241 3817; x_wconf 87' lang='lat' dir='ltr'>sacraque</span> <span class='ocrx_word' id='word_1_256' title='bbox 1260 3722 1324 3795; x_wconf 91' lang='lat' dir='ltr'>coli</span> <span class='ocrx_word' id='word_1_257' title='bbox 1339 3727 1532 3820; x_wconf 90' lang='lat' dir='ltr'>permittat;</span> <span class='ocrx_word' id='word_1_258' title='bbox 1559 3723 1611 3793; x_wconf 88' lang='lat' dir='ltr'>vel</span> <span class='ocrx_word' id='word_1_259' title='bbox 1631 3747 1713 3816; x_wconf 87' lang='lat' dir='ltr'>gens</span> <span class='ocrx_word' id='word_1_260' title='bbox 1727 3725 1881 3821; x_wconf 81' lang='lat' dir='ltr'>quedam</span> <span class='ocrx_word' id='word_1_261' title='bbox 1895 3727 1979 3800; x_wconf 87' lang='lat' dir='ltr'>alteri</span> 
     </span>
     <span class='ocr_line' id='line_1_30' title="bbox 502 3818 1977 3928; baseline 0 -32"><span class='ocrx_word' id='word_1_262' title='bbox 502 3824 676 3928; x_wconf 85' lang='lat' dir='ltr'>promittit</span> <span class='ocrx_word' id='word_1_263' title='bbox 692 3818 724 3892; x_wconf 91' lang='lat' dir='ltr'>se</span> <span class='ocrx_word' id='word_1_264' title='bbox 737 3823 769 3891; x_wconf 91' lang='lat' dir='ltr'>in</span> <span class='ocrx_word' id='word_1_265' title='bbox 785 3823 959 3916; x_wconf 87' lang='lat' dir='ltr'>provincis</span> <span class='ocrx_word' id='word_1_266' title='bbox 983 3822 1083 3892; x_wconf 88' lang='lat' dir='ltr'>armis</span> <span class='ocrx_word' id='word_1_267' title='bbox 1100 3818 1231 3891; x_wconf 76' lang='lat' dir='ltr'>subtsla</span> <span class='ocrx_word' id='word_1_268' title='bbox 1250 3821 1475 3917; x_wconf 61' lang='lat' dir='ltr'>&amp;occupem</span> <span class='ocrx_word' id='word_1_269' title='bbox 1494 3821 1693 3912; x_wconf 88' lang='lat' dir='ltr'>religionem</span> <span class='ocrx_word' id='word_1_270' title='bbox 1717 3828 1840 3894; x_wconf 80' lang='lat' dir='ltr'>avitam</span> <span class='ocrx_word' id='word_1_271' title='bbox 1857 3821 1977 3906; x_wconf 86' lang='lat' dir='ltr'>salvam,</span> 
     </span>
     <span class='ocr_line' id='line_1_31' title="bbox 505 3915 1978 4022; baseline -0.003 -24"><span class='ocrx_word' id='word_1_272' title='bbox 505 3919 674 3998; x_wconf 79' lang='lat' dir='ltr'>&amp;sartam</span> <span class='ocrx_word' id='word_1_273' title='bbox 690 3915 977 4001; x_wconf 75' lang='lat' dir='ltr'>conservaturam,</span> <span class='ocrx_word' id='word_1_274' title='bbox 1002 3919 1056 3989; x_wconf 88' lang='lat' dir='ltr'>vel</span> <span class='ocrx_word' id='word_1_275' title='bbox 1071 3918 1216 4015; x_wconf 89' lang='lat' dir='ltr'>populus</span> <span class='ocrx_word' id='word_1_276' title='bbox 1233 3922 1268 3989; x_wconf 88' lang='lat' dir='ltr'>itt</span> <span class='ocrx_word' id='word_1_277' title='bbox 1285 3923 1376 4015; x_wconf 84' lang='lat' dir='ltr'>pacis</span> <span class='ocrx_word' id='word_1_278' title='bbox 1395 3915 1522 3989; x_wconf 78' lang='lat' dir='ltr'>foedere</span> <span class='ocrx_word' id='word_1_279' title='bbox 1541 3917 1668 3990; x_wconf 83' lang='lat' dir='ltr'>hollem</span> <span class='ocrx_word' id='word_1_280' title='bbox 1681 3920 1803 4012; x_wconf 87' lang='lat' dir='ltr'>adigit,</span> <span class='ocrx_word' id='word_1_281' title='bbox 1831 3923 1873 3994; x_wconf 89' lang='lat' dir='ltr'>ad</span> <span class='ocrx_word' id='word_1_282' title='bbox 1891 3923 1978 4022; x_wconf 89' lang='lat' dir='ltr'>polli-</span> 
     </span>
     <span class='ocr_line' id='line_1_32' title="bbox 500 4012 1980 4109; baseline -0.004 -11"><span class='ocrx_word' id='word_1_283' title='bbox 500 4019 666 4109; x_wconf 86' lang='lat' dir='ltr'>cendum,</span> <span class='ocrx_word' id='word_1_284' title='bbox 691 4013 777 4087; x_wconf 91' lang='lat' dir='ltr'>lein</span> <span class='ocrx_word' id='word_1_285' title='bbox 803 4015 906 4100; x_wconf 90' lang='lat' dir='ltr'>locis,</span> <span class='ocrx_word' id='word_1_286' title='bbox 928 4013 1057 4095; x_wconf 83' lang='lat' dir='ltr'>calicis,</span> <span class='ocrx_word' id='word_1_287' title='bbox 1080 4040 1117 4088; x_wconf 90' lang='lat' dir='ltr'>ac</span> <span class='ocrx_word' id='word_1_288' title='bbox 1137 4014 1326 4089; x_wconf 87' lang='lat' dir='ltr'>civitatibus</span> <span class='ocrx_word' id='word_1_289' title='bbox 1349 4012 1566 4086; x_wconf 83' lang='lat' dir='ltr'>redhibendis</span> <span class='ocrx_word' id='word_1_290' title='bbox 1589 4015 1760 4090; x_wconf 82' lang='lat' dir='ltr'>sacrasse</span> <span class='ocrx_word' id='word_1_291' title='bbox 1782 4019 1915 4094; x_wconf 79' lang='lat' dir='ltr'>invesla</span> <span class='ocrx_word' id='word_1_292' title='bbox 1936 4045 1980 4094; x_wconf 92' lang='lat' dir='ltr'>re·</span> 
     </span>
     <span class='ocr_line' id='line_1_33' title="bbox 500 4111 1981 4218; baseline -0.004 -22"><span class='ocrx_word' id='word_1_293' title='bbox 500 4141 673 4196; x_wconf 83' lang='lat' dir='ltr'>tenturum</span> <span class='ocrx_word' id='word_1_294' title='bbox 691 4111 785 4193; x_wconf 87' lang='lat' dir='ltr'>fore;</span> <span class='ocrx_word' id='word_1_295' title='bbox 809 4115 862 4186; x_wconf 89' lang='lat' dir='ltr'>vel</span> <span class='ocrx_word' id='word_1_296' title='bbox 890 4114 1035 4210; x_wconf 90' lang='lat' dir='ltr'>denique</span> <span class='ocrx_word' id='word_1_297' title='bbox 1057 4112 1195 4185; x_wconf 86' lang='lat' dir='ltr'>subditis</span> <span class='ocrx_word' id='word_1_298' title='bbox 1221 4112 1357 4185; x_wconf 87' lang='lat' dir='ltr'>alterius</span> <span class='ocrx_word' id='word_1_299' title='bbox 1378 4113 1497 4210; x_wconf 89' lang='lat' dir='ltr'>populi</span> <span class='ocrx_word' id='word_1_300' title='bbox 1521 4114 1692 4206; x_wconf 89' lang='lat' dir='ltr'>religionis</span> <span class='ocrx_word' id='word_1_301' title='bbox 1718 4139 1800 4210; x_wconf 90' lang='lat' dir='ltr'>ergo</span> <span class='ocrx_word' id='word_1_302' title='bbox 1824 4115 1981 4218; x_wconf 84' lang='lat' dir='ltr'>opprellis</span> 
     </span>
     <span class='ocr_line' id='line_1_34' title="bbox 500 4206 1990 4318; baseline 0.001 -29"><span class='ocrx_word' id='word_1_303' title='bbox 500 4243 566 4318; x_wconf 89' lang='lat' dir='ltr'>per</span> <span class='ocrx_word' id='word_1_304' title='bbox 580 4214 745 4311; x_wconf 85' lang='lat' dir='ltr'>ejusmodi</span> <span class='ocrx_word' id='word_1_305' title='bbox 762 4206 886 4282; x_wconf 82' lang='lat' dir='ltr'>foeclera</span> <span class='ocrx_word' id='word_1_306' title='bbox 908 4213 1063 4283; x_wconf 79' lang='lat' dir='ltr'>auxilium</span> <span class='ocrx_word' id='word_1_307' title='bbox 1082 4207 1209 4292; x_wconf 79' lang='lat' dir='ltr'>fertur,</span> <span class='ocrx_word' id='word_1_308' title='bbox 1228 4209 1465 4288; x_wconf 86' lang='lat' dir='ltr'>sacrorumuue</span> <span class='ocrx_word' id='word_1_309' title='bbox 1482 4208 1576 4283; x_wconf 89' lang='lat' dir='ltr'>sociis</span> <span class='ocrx_word' id='word_1_310' title='bbox 1592 4211 1812 4296; x_wconf 89' lang='lat' dir='ltr'>succurritur,</span> <span class='ocrx_word' id='word_1_311' title='bbox 1828 4221 1990 4313; x_wconf 86' lang='lat' dir='ltr'>quemad·</span> 
     </span>
    </p>
   </div>
   <div class='ocr_carea' id='block_1_11' title="bbox 351 4293 1990 4405">
    <p class='ocr_par' dir='ltr' id='par_1_11' title="bbox 351 4293 1990 4405">
     <span class='ocr_line' id='line_1_35' title="bbox 351 4293 1990 4405; baseline 0 -15"><span class='ocrx_word' id='word_1_312' title='bbox 351 4293 353 4301; x_wconf 28' lang='grc' dir='ltr'>Ι</span> <span class='ocrx_word' id='word_1_313' title='bbox 499 4315 639 4388; x_wconf 90' lang='lat' dir='ltr'>modum</span> <span class='ocrx_word' id='word_1_314' title='bbox 655 4309 734 4384; x_wconf 86' lang='lat' dir='ltr'>fecit</span> <span class='ocrx_word' id='word_1_315' title='bbox 750 4313 817 4384; x_wconf 84' lang='lat' dir='ltr'>Rex</span> <span class='ocrx_word' id='word_1_316' title='bbox 835 4310 953 4382; x_wconf 79' lang='lat' dir='ltr'>Gallie</span> <span class='ocrx_word' id='word_1_317' title='bbox 971 4310 1160 4382; x_wconf 75' lang='lat' dir='ltr'>ludovicus</span> <span class='ocrx_word' id='word_1_318' title='bbox 1178 4313 1273 4382; x_wconf 83' lang='lat' dir='ltr'>xlv.</span> <span class='ocrx_word' id='word_1_319' title='bbox 1296 4313 1330 4380; x_wconf 93' lang='lat' dir='ltr'>in</span> <span class='ocrx_word' id='word_1_320' title='bbox 1348 4314 1383 4380; x_wconf 89' lang='lat' dir='ltr'>P.</span> <span class='ocrx_word' id='word_1_321' title='bbox 1410 4294 1607 4405; x_wconf 83' lang='lat' dir='ltr'>llyswicenli</span> <span class='ocrx_word' id='word_1_322' title='bbox 1630 4319 1705 4384; x_wconf 84' lang='lat' dir='ltr'>Art.</span> <span class='ocrx_word' id='word_1_323' title='bbox 1722 4317 1786 4386; x_wconf 84' lang='lat' dir='ltr'>tv.</span> <span class='ocrx_word' id='word_1_324' title='bbox 1802 4317 1836 4386; x_wconf 94' lang='lat' dir='ltr'>in</span> <span class='ocrx_word' id='word_1_325' title='bbox 1851 4313 1919 4390; x_wconf 80' lang='lat' dir='ltr'>fine</span> <span class='ocrx_word' id='word_1_326' title='bbox 1931 4317 1990 4390; x_wconf 86' lang='lat' dir='ltr'>ad·</span> 
     </span>
    </p>
   </div>
   <div class='ocr_carea' id='block_1_12' title="bbox 495 4406 2008 4606">
    <p class='ocr_par' dir='ltr' id='par_1_12' title="bbox 495 4406 2008 4606">
     <span class='ocr_line' id='line_1_36' title="bbox 495 4406 2008 4606; baseline 0.003 -123"><span class='ocrx_word' id='word_1_327' title='bbox 495 4413 642 4606; x_wconf 68' lang='lat' dir='ltr'>j&#39;ppiendo</span> <span class='ocrx_word' id='word_1_328' title='bbox 656 4406 850 4482; x_wconf 73' lang='lat' dir='ltr'>clausulam:</span> <span class='ocrx_word' id='word_1_329' title='bbox 874 4413 1029 4504; x_wconf 77' lang='lat' dir='ltr'>Religivrt</span> <span class='ocrx_word' id='word_1_330' title='bbox 1043 4430 1143 4484; x_wconf 80' lang='lat' dir='ltr'>tamer</span> <span class='ocrx_word' id='word_1_331' title='bbox 1158 4413 1348 4485; x_wconf 71' lang='lat' dir='ltr'>catholicam</span> <span class='ocrx_word' id='word_1_332' title='bbox 1366 4413 1436 4483; x_wconf 85' lang='lat' dir='ltr'>lacis</span> <span class='ocrx_word' id='word_1_333' title='bbox 1448 4410 1486 4499; x_wconf 74' lang='lat' dir='ltr'>sc</span> <span class='ocrx_word' id='word_1_334' title='bbox 1502 4410 1649 4502; x_wconf 73' lang='lat' dir='ltr'>restitutit</span> <span class='ocrx_word' id='word_1_335' title='bbox 1661 4411 1808 4508; x_wconf 76' lang='lat' dir='ltr'>instate,</span> <span class='ocrx_word' id='word_1_336' title='bbox 1834 4441 1892 4512; x_wconf 76' lang='lat' dir='ltr'>gu</span> <span class='ocrx_word' id='word_1_337' title='bbox 1907 4429 2008 4493; x_wconf 68' lang='lat' dir='ltr'>ectr!</span> 
     </span>
     <span class='ocr_line' id='line_1_37' title="bbox 495 4527 754 4595; baseline -0.019 -11"><span class='ocrx_word' id='word_1_338' title='bbox 495 4539 512 4584; x_wconf 84' lang='lat' dir='ltr'>t</span> <span class='ocrx_word' id='word_1_339' title='bbox 546 4527 754 4595; x_wconf 68' lang='lat' dir='ltr'>,retmtutttte⁴</span> 
     </span>
    </p>
   </div>
   <div class='ocr_carea' id='block_1_13' title="bbox 1863 4741 1984 4836">
    <p class='ocr_par' dir='ltr' id='par_1_13' title="bbox 1863 4741 1984 4836">
     <span class='ocr_line' id='line_1_38' title="bbox 1863 4741 1984 4836; baseline 0.008 -17"><span class='ocrx_word' id='word_1_340' title='bbox 1863 4741 1892 4836; x_wconf 44' lang='grc' dir='ltr'>ᾗ</span> <span class='ocrx_word' id='word_1_341' title='bbox 1917 4745 1984 4820; x_wconf 86' lang='lat' dir='ltr'>tv.</span> 
     </span>
    </p>
   </div>
   <div class='ocr_carea' id='block_1_14' title="bbox 0 0 2480 5565">
    <p class='ocr_par' dir='ltr' id='par_1_14' title="bbox 0 0 2480 5565">
     <span class='ocr_line' id='line_1_39' title="bbox 0 0 2480 5565; baseline 0 0"><span class='ocrx_word' id='word_1_342' title='bbox 0 0 2480 5565; x_wconf 95' lang='lat' dir='ltr'> </span> 
     </span>
    </p>
   </div>
  </div>
 </body>
</html>
