4950 5567
598 629 673 711 DE
699 624 994 708 Puerorum
1017 627 1212 708 HlLDES.
1235 630 1293 708 ΙΝ
1318 630 1564 720 CONlilRM.
1591 634 1758 714 COMM.
1776 639 1842 717 dcc.
1900 665 1965 745 325

477 831 556 884 utto
572 831 647 882 rum
664 809 739 882 aliia
757 808 938 882 Catholicis
953 811 1129 906 impingit,
1151 812 1185 880 in
1195 809 1313 883 Tracl.
1328 832 1409 890 uolt
1422 817 1487 889 ner
1498 813 1776 908 ssdnbtslyobelt
1783 816 1833 896 lm
1843 819 1966 914 &cille

477 904 595 997 lidpetr
615 934 681 988 177
687 932 719 994 3.
735 929 766 1001 p.
782 919 864 984 618.
891 909 1069 1003 impingit,
1093 907 1184 1001 quod
1199 910 1232 977 in
1250 906 1514 983 institutionibus
1532 917 1615 984 meis
1632 912 1815 1010 scripserim
1831 942 1897 989 nun
1915 922 1967 992 lir-
2018 906 2020 910 ¹

481 1004 548 1077 lun
560 1004 767 1086 Catholicis,
795 999 850 1074 sed
866 1026 900 1076 et
914 1001 1175 1075 Protellauribus
1199 1001 1272 1099 poll
1287 1008 1322 1077 P.
1340 1011 1396 1074 W.
1414 1004 1600 1078 doslrinam
1616 1009 1657 1079 de
1668 1011 1869 1084 Simultaneo
1886 1005 1965 1111 pro.

484 1100 589 1174 batam
605 1097 720 1182 fuisse,
753 1123 930 1195 antequam
952 1103 1111 1171 nimirum
1132 1102 1177 1170 ita
1193 1097 1320 1171 dislum
1342 1105 1475 1196 Corpus
1494 1107 1787 1196 Evangelicocutn,
1815 1113 1862 1178 uti
1887 1131 1964 1182 con·¹
2014 1142 2023 1164 .

492 1196 559 1280 llst,
590 1198 658 1269 tale
678 1197 760 1293 quid
781 1195 1001 1292 imposterum
1020 1196 1142 1272 docere
1164 1192 1406 1274 Professotibus
1433 1201 1694 1275 Uuircrlitatum
1714 1202 1963 1281 Ptotcllanrica·
2078 1263 2085 1276 .

493 1293 724 1369 mmiuhibere
741 1290 855 1365 ausum
870 1289 948 1366 fuit.
1488 1327 1491 1336 ·

594 1466 654 1536 Ae
665 1470 700 1544 ff.
720 1464 852 1533 XXXI.
903 1456 1004 1555 Quod
1021 1459 1075 1532 hic
1089 1455 1219 1533 anaor
1233 1461 1343 1559 inquit
1358 1461 1399 1535 de
1414 1461 1722 1562 JureResormandi
1741 1486 1896 1567 tanquam
1908 1497 1960 1547 re-
2031 1481 2036 1496 ‘

498 1557 577 1654 gula,
601 1559 713 1631 denuo
727 1560 944 1651 impugnatur
968 1562 1200 1632 aMosulto
1221 1562 1278 1630 cit.
1302 1559 1418 1632 Trasl.
1434 1585 1464 1656 p.
1487 1589 1571 1652 541,
1595 1569 1675 1656 (sqq.
1739 1570 1787 1636 Ex
1809 1567 1959 1644 Aullote

499 1653 620 1728 celebris
635 1651 752 1726 Ttast.
768 1654 957 1751 ungulato
971 1658 1038 1727 ileu
1054 1659 1233 1724 sistericensi
1247 1664 1274 1735 sl
1278 1708 1286 1726 .
1299 1684 1358 1731 42.
1380 1661 1535 1753 inprimis
1552 1661 1704 1744 adducit,
1739 1665 1831 1757 quod
1853 1691 1959 1738 annus
2084 1693 2095 1704 ·

499 1751 688 1824 decretorius
703 1754 838 1822 unicum
854 1773 887 1821 et
902 1748 1009 1821 solum
1025 1744 1277 1821 fundamentum
1297 1750 1514 1826 restitutionis
1532 1757 1678 1838 dicatur,
1713 1761 1803 1853 qnod
1820 1764 1958 1854 quidem

499 1852 581 1920 citato
597 1846 752 1944 scriptori
775 1871 845 1917 rem
858 1845 957 1943 plane
973 1842 1136 1917 conficere
1149 1844 1298 1918 videtur:
1324 1851 1405 1943 quid
1422 1876 1502 1922 vero
1516 1849 1645 1923 facilius
1661 1875 1731 1923 tum
1747 1858 1958 1930 combinatur
2096 1927 2099 1936 ,

500 1966 558 2020 tuta
567 1946 782 2037 intelligitur,
802 1967 902 2039 quam
919 1945 1043 2014 intuitu
1056 1938 1284 2025 subditorum,
1307 1943 1413 2039 siquid
1427 1946 1580 2020 adversus
1595 1953 1779 2021 Dominum
1793 1957 1958 2030 territorii

497 2041 719 2138 praetendant,
743 2062 879 2111 unicum
893 2060 927 2112 et
942 2036 1048 2111 solum
1062 2035 1317 2110 fundamentum
1338 2037 1401 2114 else
1421 2067 1543 2115 annum
1561 2045 1764 2126 normalem,
1795 2047 1960 2121 habitam·

497 2159 602 2232 quceo
617 2162 704 2208 anno
722 2132 971 2233 poilellionem?
996 2137 1077 2207 haec
1091 2133 1208 2229 quodst
1223 2133 1299 2232 ipss
1314 2134 1399 2208 salva
1417 2140 1642 2233 relinquatur,
1667 2139 1957 2236 JusResotmandi

497 2233 590 2308 rubis
605 2256 674 2306 tam
685 2231 841 2326 gravibus
856 2235 1011 2303 Dominis
1026 2230 1285 2304 territurialibus
1300 2230 1454 2306 alscrmm
1471 2233 1605 2308 vicissim
1620 2235 1661 2308 ab
1678 2241 1717 2306 sis
1734 2240 1834 2311 hodie
1848 2243 1958 2317 adhuc
2023 2267 2025 2272 ·

496 2335 611 2426 optimo
630 2331 705 2425 jure
720 2333 866 2400 exerceri
883 2325 997 2423 posse?
1024 2331 1109 2400 Rem
1123 2329 1244 2400 deinde
1259 2328 1368 2400 verbis
1385 2333 1475 2423 pacis
1491 2332 1533 2402 ad
1549 2334 1646 2404 aliam
1659 2338 1831 2407 materiam
1849 2360 1958 2412 trans.-
2083 2381 2093 2394 =

493 2413 561 2498 lssis'
577 2424 739 2498 illustrare
753 2428 846 2521 cupit
866 2429 1109 2506 Mosauus,
1134 2425 1292 2495 nimirum
1309 2422 1412 2496 finite
1427 2429 1508 2522 quid
1524 2425 1605 2511 esse,
1631 2453 1668 2499 ac
1691 2427 1836 2502 sidicas:
1879 2446 1957 2507 cunr

491 2527 615 2598 untias
632 2526 813 2595 immediatis
826 2546 891 2591 csssn
901 2525 973 2612 jure
992 2525 1139 2592 territorii
1157 2542 1188 2590 er
1203 2521 1428 2613 superiniectis
1448 2548 1487 2591 ex
1507 2530 1652 2594 semrnssni
1671 2548 1725 2619 per
1746 2547 1844 2598 retum
1863 2535 1957 2622 impe-

491 2624 713 2693 suessanus
728 2621 943 2711 sssrereprexi
957 2624 1050 2688 etiem
1064 2622 1114 2708 jus
1128 2618 1323 2706 feresrdsrssns
1334 2625 1447 2710 Legum
1461 2637 1627 2710 temperare
1650 2642 1831 2692 conventum
1848 2628 1889 2712 est
1902 2633 1956 2701 les

489 2720 558 2790 isere
567 2739 654 2814 perse
667 2740 815 2809 quequae
831 2718 966 2787 Sreeilrss
979 2715 1153 2804 observari,
1180 2717 1310 2806 nullique
1329 2719 1433 2786 Suessi
1446 2719 1618 2788 immediate
1634 2720 1705 2807 ists,
1735 2720 1814 2808 quod
1834 2722 1889 2812 ipſs
1905 2747 1956 2792 rs·

489 2819 563 2887 riser
583 2819 732 2891 serrirerii
755 2833 787 2886 er
807 2810 1030 2907 superinnitens
1050 2815 1084 2884 in
1110 2815 1228 2905 negatis
1250 2818 1367 2908 Legata
1381 2811 1582 2905 ferendsrrsns
1611 2817 1778 2908 temperis,
1818 2819 1956 2911 inpediri

491 2931 626 3007 opertere.

596 3070 663 3134 Her
678 3079 779 3134 remen
794 3086 852 3133 nan
868 3058 1016 3156 abstante,
1041 3063 1158 3132 illorum
1177 3063 1321 3131 Srsrssns
1341 3061 1456 3154 imperii
1478 3062 1608 3133 Ordines
1625 3063 1828 3157 provinciales
1850 3064 1956 3158 quibes

489 3179 588 3234 velers
601 3164 657 3234 vel
669 3159 904 3244 confislrsrivum
920 3163 975 3230 vel
987 3159 1149 3250 desissvssns
1164 3161 1242 3227 sisse
1261 3163 1355 3248 Leges
1370 3159 1511 3244 ferendas
1521 3159 1682 3247 [erundum
1695 3165 1782 3254 pella
1796 3166 1877 3232 inter
1893 3173 1955 3235 De·

488 3262 592 3330 mrem
608 3261 822 3329 territerielerrs
836 3277 867 3325 er
881 3259 973 3326 dicias
988 3263 1117 3325 Ordines
1131 3259 1207 3323 inire
1220 3257 1277 3324 ‘cel
1290 3260 1382 3323 etiarn
1395 3279 1434 3322 ex
1448 3258 1532 3344 lenge
1548 3254 1601 3336 usse
1615 3261 1773 3348 comperis,
1804 3263 1956 3330 retineant

490 3358 617 3426 iseriens
634 3359 666 3426 in
679 3353 847 3448 posterum,
871 3377 932 3422 une
954 3374 1019 3422 cum
1038 3355 1163 3422 annexis
1182 3370 1329 3440 quatenus
1350 3353 1401 3418 ille
1414 3347 1576 3440 secandum
1600 3370 1765 3420 memorata
1786 3359 1874 3446 pelle
1897 3360 1955 3428 vel

491 3453 598 3543 lesgans
612 3449 697 3536 assem
712 3468 926 3534 exercuerunt,
951 3468 1005 3517 sut
1019 3453 1150 3516 exercite
1161 3446 1252 3537 suffe
1264 3449 1551 3540 prsbsrrpsterrsnr.
1598 3449 1702 3542 Atqui
1723 3445 1861 3519 hicnon
1885 3471 1953 3523 tam

492 3543 526 3618 de
537 3546 663 3639 Regula
681 3568 713 3617 et
729 3547 938 3639 exceptione,
962 3566 1063 3638 quam
1080 3542 1120 3612 de
1134 3545 1216 3637 Jure
1232 3544 1387 3611 Dominis
1411 3540 1666 3614 territurialibus
1688 3566 1899 3655 competente
1918 3567 1953 3622 et

493 3644 584 3715 modo
598 3641 684 3714 illud
698 3640 869 3714 exercendi
886 3638 1070 3710 sermonem
1086 3636 1148 3709 esse
1164 3633 1261 3707 facilc
1279 3635 1318 3706 ab
1332 3635 1485 3709 omnibus
1508 3637 1648 3729 intelligi
1674 3641 1781 3733 inquit
1804 3645 1878 3710 Mo
1891 3661 1955 3715 su·
1994 3705 1998 3712 .

493 3753 582 3824 tus3
611 3736 791 3810 ridiculum
811 3760 921 3810 autem
947 3729 1117 3815 fututum,
1150 3731 1264 3827 quodsi
1290 3734 1351 3803 hac
1372 3739 1498 3807 tatione
1519 3738 1672 3805 Dominis
1696 3738 1953 3811 territurialibus

492 3858 659 3907 unamanu
673 3835 826 3914 concedi,
852 3832 941 3928 quod
958 3832 1060 3901 ultera
1078 3828 1199 3901 iterum
1218 3828 1542 3901 adimatur'asserere
1565 3855 1639 3925 quts
1662 3832 1760 3909 velit,
1821 3837 1954 3907 nesnsda

492 3932 618 4003 modum
634 3932 717 4002 illud
734 3933 892 4001 nimirum
909 3927 1072 3999 Catholici
1092 3927 1189 3996 toties
1202 3923 1396 4020 objecerunt
1413 3925 1688 4010 Procedentibus,
1714 3857 1873 4022 squidem
1890 3936 1952 4028 Jua

492 4023 700 4100 Reformandi
714 4029 868 4097 Dominis
883 4021 1140 4095 territurialibus
1159 4047 1225 4092 non
1241 4023 1339 4120 plane
1360 4022 1539 4116 denegant,
1564 4024 1633 4095 imo
1653 4047 1733 4098 veru
1757 4028 1960 4112 concedunt,

490 4119 539 4198 sed
550 4128 596 4198 ita
611 4119 799 4199 restrislum
808 4173 819 4209 ,
844 4145 882 4194 ut
901 4123 953 4196 six
966 4145 1033 4193 uon
1048 4121 1088 4191 sd
1108 4119 1251 4193 nihilum
1265 4119 1447 4214 redigatur.

577 4301 775 4372 Sermonem
797 4293 852 4364 hic
873 4288 936 4365 else
956 4291 1110 4387 inprimis
1128 4290 1169 4363 de
1191 4294 1275 4389 June
1297 4291 1453 4362 Dominis
1473 4287 1728 4365 territurialibus
1746 4311 1955 4391 competente

484 4394 568 4472 etde
580 4395 684 4466 modo
699 4391 781 4462 illud
799 4389 970 4461 exercendi
989 4394 1190 4459 Mossuo
1208 4415 1276 4459 non
1294 4392 1502 4474 negaverim,
1528 4414 1569 4460 ne
1584 4390 1675 4461 litem
1698 4390 1739 4459 de
1756 4397 1888 4461 nominc
1904 4395 1955 4462 in·

479 4493 632 4676 aredius:
658 4489 692 4562 id
707 4511 817 4560 autem
831 4511 868 4559 ex
883 4510 924 4558 eo
939 4490 1093 4580 requiro,
1119 4483 1233 4582 quodsi
1246 4489 1357 4577 itaque
1373 4483 1518 4558 Ordines
1534 4485 1752 4598 prqvintiales
1768 4507 1826 4554 nec
1844 4511 1882 4556 ex
1897 4513 1955 4582 pa·
2050 4509 2057 4522 ·

479 4677 485 4686 ,
512 4613 610 4687 autc
623 4613 664 4679 cx
676 4587 778 4689 longo
794 4581 857 4666 ulo
870 4582 1101 4685 prebsrclstia
1112 4582 1243 4760 liquidso
1259 4577 1409 4675 poliunt,
1435 4607 1550 4664 sotum
1565 4579 1767 4679 ejuscemodi
1780 4577 1855 4667 fibi,
1872 4585 1972 4754 elops⁸

1253 4701 1268 4758 r
1291 4703 1310 4780 3
1940 4705 1957 4758 e
