4950 5567
1199 559 1364 732 488-
1413 619 1880 708 EXERCIT.
1914 619 2032 704 ΙΝ
2057 618 2438 700 ANECD.
2465 615 2888 704 TREVIR.
2914 613 3056 699 DE
3082 616 3477 702 LIBERT.
3506 613 3905 702 EchES.
3930 621 4057 706 ἃς.
4200 647 4213 654 ·

1212 813 1724 908 compromiffiones
1761 831 1878 904 que
1927 810 2283 902 vulgariter
2337 807 2759 902 nincapaeneur
2806 801 3155 977 'Jnmmff
3194 801 3321 878 διο.
3360 804 3430 876 in
3476 807 3555 877 H
3574 825 3761 878 onze
3782 785 3861 880 1⁹1
3906 801 4149 906 Sadys.

1211 904 1723 1010 fianoeaeu'bl.
1761 911 1833 982 Ρ.
1871 931 1930 981 2.
1963 931 2031 1005 p.
2074 932 2234 1001 ¹94·
2335 907 2579 1004 Quoad
2626 929 2907 980 aetatem
2938 909 3082 1002 ejus
3140 905 3501 976 ocietatum
3530 907 3600 977 in
3632 907 4001 979 Germania
4026 933 4155 980 ent-

1209 1033 1434 1084 tarum
1475 1009 1652 1103 apud
1701 1010 2216 1078 SCHANNAT
2251 1009 2314 1076 in
2361 1005 2521 1094 Hill.
2569 1009 2763 1100 Epaesc.
2818 1011 3127 1083 Wormat.
3166 1007 3381 1074 Tom.
3422 1031 3485 1077 2.
3526 1027 3595 1101 p.
3630 1011 3750 1076 62.
3786 1029 3961 1078 anno
3986 1011 4161 1082 1¹06.

1204 1107 1508 1206 jamdum
1539 1107 1922 1176 Adaelbertus
1954 1103 2144 1196 Epist.
2185 1108 2498 1178 Wrmaet.
2536 1102 2915 1177 societatem
2948 1102 3354 1202 piscatorum
3382 1106 3807 1175 wormatiae
3850 1099 4163 1176 confirma-

1205 1209 1346 1280 vit:
1397 1204 1608 1295 magis
1642 1203 1953 1294 energiae
1979 1203 2064 1274 de
2092 1200 2356 1296 juribus
2385 1225 2452 1274 et
2480 1200 3048 1299 praetenfionibus
3068 1201 3311 1272 harum
3342 1197 3729 1273 societatum
3758 1201 4061 1298 jamdum
4082 1203 4161 1274 in·

1201 1305 1354 1402 quit
1376 1307 1816 1380 chmaennus
1831 1298 2276 1397 Archi-Episc.
2310 1303 2737 1394 Magdeburg.
2770 1303 2839 1372 in
2876 1300 3248 1397 diplomate
3292 1293 3425 1372 fine
3466 1323 3643 1372 anno
3688 1299 3873 1398 apud
3902 1303 4031 1372 DR
4052 1317 4159 1372 t!-

1209 1419 1529 1479 ιιΑυΡΤ
1571 1401 1650 1470 Τ.
1684 1425 1753 1468 2.
1785 1419 1844 1491 p.
1880 1423 1920 1481 5
1930 1422 2048 1480 57.
2150 1401 2333 1495 „Jus
2380 1421 2448 1470 et
2492 1395 2952 1492 magisterium
2994 1395 3296 1470 sutorum
3340 1399 3435 1468 ita
3475 1393 3827 1470 conlistere
3858 1398 4156 1482 volumus.

1213 1522 1354 1586 „ut
1378 1499 1600 1570 nullus
1631 1492 2089 1588 magistratum
2125 1492 2326 1594 super
2356 1520 2472 1569 eos
2502 1495 2776 1580 habeat,
2826 1493 2943 1568 nili
2976 1519 3177 1594 quem
3210 1496 3229 1564 i
3288 1490 3332 1564 fi
3378 1518 3458 1567 ex
3483 1501 3831 1569 communi
3874 1491 4153 1570 consensu

1222 1594 1678 1689 „magistrum
1705 1590 1823 1665 libi
1861 1591 2210 1687 elegerint.
2313 1599 2486 1666 Cum
2532 1598 2713 1667 enim
2754 1594 2862 1692 jus
2902 1619 2972 1668 et
3008 1517 3382 1678 distinAEio,
3457 1615 3631 1687 quae
3674 1595 3861 1666 inter
3908 1619 4027 1670 eos
4070 1589 4159 1676 est.
4212 1619 4221 1628 ·

1213 1698 1398 1791 „qui
1447 1719 1532 1767 eo
1563 1695 1718 1784 jure
1783 1695 2189 1788 participare
2245 1716 2382 1764 non
2435 1691 2682 1766 debent
2711 1745 2734 1779 ‚
2798 1697 2895 1766 ita
2942 1691 3247 1766 excludat
3271 1740 3292 1773 ,
3358 1690 3544 1788 quod
3603 1715 3781 1788 opus
3836 1715 4161 1791 operatum

1218 1794 1688 1887 „alienigenae
1726 1785 1903 1861 infra
1932 1792 2040 1884 jus
2077 1794 2450 1863 communis
2491 1787 2627 1863 fori
2658 1792 2948 1866 vendere
2992 1817 3125 1862 non
3162 1788 3479 1874 debeant,
3539 1787 4044 1875 constituimus,
4100 1811 4165 1864 ne

1217 1891 1689 1984 „alienigenae
1714 1911 1884 1986 opus
1919 1886 2112 1959 suum
2155 1913 2511 1985 operatum
2557 1890 2638 1962 ad
2674 1886 2901 1962 forum
2946 1915 3080 1962 non
3123 1882 3465 1969 deferant,
3538 1886 3661 1960 nisi
3700 1914 3857 1962 cum
3890 1891 4165 1962 omnium

1219 2013 1521 2076 „eorum
1551 1987 1928 2068 voluntate,
1977 1989 2092 2078 qui
2113 1985 2266 2081 jure
2296 1989 2412 2059 illo
2434 2037 2452 2070 ,
2484 1988 2667 2084 quod
2684 1987 3015 2088 &nain-qe
3034 1986 3438 2084 appellatur,
3468 1983 3837 2084 partieipes
3852 1983 4169 2060 existunt?

1219 2089 1417 2159 Haec
1455 2111 1580 2156 vox
1616 2080 1956 2184 ‘Jnnung
1987 2081 2259 2156 subinde
2297 2089 2498 2157 etiam
2538 2090 2606 2158 in
2645 2087 3033 2184 diplomatis
3076 2083 3256 2183 ipsos
3296 2107 3660 2158 conventus
3706 2083 4039 2184 opificum
4078 2082 4169 2158 de·

1220 2182 1547 2276 signabat:
1601 2186 1762 2253 item
1796 2203 2010 2252 certos
2040 2206 2404 2280 proventus
2444 2182 2597 2278 ipsis
2628 2181 3012 2282 permissos,
3047 2188 3146 2257 uti
3192 2185 3260 2255 in
3292 2183 3656 2279 privilegio
3692 2181 3999 2258 eonceslb
4034 2183 4167 2258 eivi-

1223 2283 1346 2354 tati
1385 2281 1704 2364 Plavienli
1729 2301 1902 2350 anno
1953 2305 2159 2374 ¹235·
2201 2283 2382 2377 apud
2418 2288 3075 2358 WEST'PHALBN
3102 2313 3107 2320 ·
3134 2287 3307 2356 Tom.
3338 2307 3407 2358 4.
3432 2305 3493 2379 p.
3528 2299 3699 2369 928.
3762 2288 3969 2375 Hnjus
4008 2287 4163 2355 etia

1229 2384 1516 2452 civitatis
1543 2380 1866 2448 cultoribus
1893 2381 2102 2448 damus
2125 2401 2527 2471 proventum,
2576 2388 2681 2482 qui
2721 2387 2914 2478 vulgo
2939 2384 3115 2473 sanat
3145 2385 3413 2454 IM1N1
3436 2399 3483 2452 c
3502 2402 3545 2452 Β
3592 2379 4011 2478 (legendum
4036 2375 4168 2480 3119

1201 2471 1496 2575 vingt)
1539 2498 1608 2547 et
1637 2480 1767 2546 VR
1791 2495 1828 2544 a
1847 2495 1901 2546 n
1923 2495 1963 2546 a
2009 2481 2052 2549 S
2071 2495 2182 2549 cn
2205 2498 2224 2548 ι
2247 2499 2293 2550 1.
2312 2500 2356 2551 L
2376 2499 2398 2551 ι
2422 2499 2545 2552 No
2585 2484 2670 2552 ad
2697 2485 3171 2574 emendationem
3202 2500 3267 2551 et
3290 2478 3655 2565 firmarem
3684 2485 3997 2554 civitatis.
4042 2477 4166 2554 Col-

1229 2575 1405 2669 legia
1434 2575 1674 2645 isthaec
1705 2567 2108 2670 potiffimum
2138 2573 2379 2651 deinde
2397 2575 2901 2670 Magistratibus
2932 2583 3157 2674 gravia
3178 2575 3327 2652 fieri
3354 2575 3787 2674 incipiebant,
3816 2576 3909 2651 ob
3926 2575 4165 2676 jurisdi-

1231 2671 1523 2770 {lionem
1559 2675 1842 2743 nimium
1884 2670 2297 2769 protensam,
2346 2700 2416 2749 et
2455 2677 2781 2750 tumultus
2830 2676 3021 2776 saepe
3061 2680 3415 2758 excitatos,
3468 2678 3537 2747 in
3575 2675 3927 2775 plerisque
3954 2677 4161 2750 Civita-

1235 2771 1414 2844 tibus
1465 2771 1745 2867 Imperii
1796 2773 1997 2842 etiam
2047 2796 2132 2843 eo
2177 2797 2324 2845 rem
2373 2775 2867 2872 perduxerunt,
2912 2800 2991 2848 ut
3027 2780 3096 2849 in
3143 2772 3361 2874 ipsum
3390 2771 3865 2869 Magistratum
3894 2771 4159 2848 membra
4236 2805 4242 2834 ε

1237 2869 1566 2966 quaedam
1601 2891 1678 2938 ex
1707 2868 1807 2938 vis
1843 2869 2144 2963 cooptari
2188 2871 2503 2955 debeant,
2555 2896 2754 2972 atque
2791 2873 3247 2972 hujuscemodi
3290 2870 3446 2943 dein
3490 2871 3882 2945 hominibus
3930 2871 4158 2969 privile·

1235 2972 1348 3060 gia
1405 2966 1590 3040 Cleri
1633 2965 1918 3036 nimium
1962 2968 2191 3062 gravia
2235 2968 2371 3045 visa
2421 2965 2652 3060 fuisse,
2716 2977 2819 3050 uti
2865 2974 3337 3051 animadvertit
3378 2968 3646 3047 Austor
3673 3021 3695 3060 ,
3758 2973 4011 3048 mitum
4050 2987 4153 3045 not

1237 3061 1356 3142 est.

3728 4719 3886 4798 xn.
3918 4717 4197 4802 ‹3th
