4950 5567
518 645 780 729 DEONERE
797 651 1096 735 mousom),
1113 587 1807 740 transireat-nortmannus.
1847 649 1955 764 577'
2048 719 2051 724 .

466 831 597 907 etuliari
611 835 1114 930 Diffittetionedeludepeadeatia
1123 841 1215 936 jutis
1231 842 1309 912 circa
1319 839 1413 913 Sacri
1423 844 1706 934 Statuamlmperii.
1758 835 1918 914 Profeslo

466 958 478 1002 r
496 933 672 1032 inprimis,
698 930 798 1030 liquis
813 933 858 1006 ell
871 933 1086 1046 praejudiciis
1100 961 1241 1020 vacuus,
1265 938 1318 1010 vel
1332 931 1498 1010 somnia‘re
1511 941 1639 1035 poterit
1654 937 1916 1012 Protestanribus

466 1028 496 1102 tb
511 1052 665 1126 tempora
683 1029 883 1103 traslatuum
901 1037 1076 1124 utriusque
1089 1037 1179 1134 pacis
1190 1031 1336 1108 incidisse
1350 1061 1516 1132 unquam,
1530 1059 1567 1108 ut
1579 1033 1918 1134 suprematumqueu-

466 1151 515 1200 tm
530 1126 571 1198 ab
587 1130 679 1200 omni
696 1132 834 1201 omnino
847 1128 1081 1225 jurisdislione
1101 1135 1134 1202 in
1160 1129 1258 1206 sacris
1280 1133 1500 1232 praetendere
1517 1135 1657 1215 vellent,
1684 1156 1740 1206 aut
1754 1135 1845 1230 quod
1860 1132 1919 1206 iad·
2058 1201 2061 1206 .

466 1250 504 1297 ue
519 1223 691 1299 absurdius
708 1223 771 1310 est,
798 1224 935 1300 subditis
952 1231 1053 1301 etiam
1069 1233 1295 1302 Dominarum
1317 1233 1572 1306 territorialiutn
1592 1231 1780 1315 vindicate,
1805 1234 1846 1303 iia
1868 1230 1919 1304 ni·

466 1327 583 1404 tirum,
610 1326 669 1420 qui
690 1347 761 1396 tum
780 1350 845 1424 pro
868 1327 927 1398 hac
943 1324 1179 1422 jurisdislione
1194 1327 1349 1426 poteslati
1364 1332 1453 1402 civili
1468 1329 1663 1402 vindicanda
1681 1353 1838 1427 tanquam
1852 1352 1921 1425 pro

466 1425 506 1493 ris
521 1417 674 1519 forisque
689 1422 950 1520 depugnabant3
984 1423 1039 1498 sed
1062 1425 1102 1498 ad
1121 1425 1287 1522 ejusmodi
1310 1428 1406 1500 devia
1428 1429 1589 1499 nimirum
1611 1427 1768 1500 devenire
1793 1422 1921 1502 necesse

466 1519 505 1602 sl,
529 1517 704 1617 po'llquam
721 1547 739 1592 a
757 1519 846 1594 reeta
866 1520 966 1595 semel
989 1525 1043 1596 via
1066 1525 1243 1620 principiis
1265 1524 1417 1619 genuinis
1431 1524 1472 1596 ab
1494 1522 1572 1621 ipsis
1589 1522 1850 1598 Proteslantibus
1869 1526 1920 1597 itt·

466 1614 564 1700 effls,
590 1615 821 1703 disseminatis,
847 1616 987 1695 defensa
1007 1620 1163 1694 aberrare
1183 1625 1360 1720 inceperis.
1387 1617 1488 1695 Cons.
1503 1627 1589 1694 inter
1599 1623 1683 1694 alios
1696 1647 1736 1695 er
1749 1620 1921 1720 ipsisPro·

466 1714 633 1790 nantibus
648 1723 687 1789 L·
702 1721 739 1788 B·
757 1719 799 1791 de
813 1722 1004 1790 cainan
1019 1717 1314 1814 nebaastnnoea
1332 1725 1387 1799 16.
1402 1719 1524 1812 thail.
1548 1727 1671 1798 ΜΝ.
1698 1717 1794 1803 man
1811 1721 1920 1802 benet

467 1811 661 1903 escatorem
671 1813 860 1899 &thabat
874 1815 1096 1912 toorottfbt'e
1112 1814 1411 1915 (Berichtbotlet't
1423 1823 1527 1898 oster
1541 1814 1922 1918 hdmstealieirhaqea

466 1909 553 2008 sohte
567 1913 607 1991 t'n
623 1910 953 2012 Religionsscehen
971 1912 1148 2008 berabat:
1176 1917 1233 1988 ubi
1254 1919 1342 1989 inter
1362 1917 1427 1989 alia
1447 1919 1578 2013 inquit,
1602 1918 1683 1994 altas
1697 1913 1921 1990 Protellantes

466 2015 620 2084 eterioris
637 2013 836 2084 conditionis
861 2009 1013 2099 suturoe,
1039 2039 1139 2111 quarn
1162 2016 1372 2097 catholicos,
1397 2013 1519 2111 quibus
1541 2016 1575 2084 in
1597 2013 1791 2109 hujusmodi
1818 2009 1922 2086 caulis

466 2132 557 2183 antra
576 2109 705 2205 judiees
728 2107 905 2182 inferiores
926 2109 1124 2184 beneficium
1146 2113 1381 2209 appellationis
1402 2113 1443 2182 ad
1462 2109 1653 2208 superiores
1677 2111 1739 2184 reli
1766 2135 1848 2184 uum
1870 2108 1920 2194 fit,

466 2233 510 2282 on
526 2232 607 2280 vero
621 2206 900 2280 Proteslantibus:
927 2207 1121 2303 potestatem
1135 2209 1286 2304 judicum
1304 2206 1504 2282 inferiorum
1522 2214 1556 2280 in
1571 2205 1659 2280 hisce
1673 2137 1795 2292 cauda,
1817 2209 1867 2282 oti
1881 2208 1920 2285 dt

466 2305 517 2378 liis
537 2331 714 2398 gravamen
734 2303 860 2379 inferre
876 2304 992 2404 polse3
1016 2307 1308 2402 independentiam
1330 2305 1423 2377 istam
1443 2310 1620 2378 innocuam
1639 2301 1733 2390 fore,
1758 2305 1923 2404 quamdiu

466 2403 611 2500 jusmodi
624 2405 706 2501 quid
719 2430 784 2477 non
794 2402 860 2485 fiat,
876 2407 999 2478 atenim
1015 2401 1037 2473 li
1052 2429 1167 2475 revera
1182 2407 1389 2495 contingeret
1402 2401 1549 2476 subditos
1565 2402 1606 2475 ab
1622 2405 1683 2477 hac
1696 2404 1773 2476 inde
1801 2403 1923 2477 enden-

466 2527 491 2573 ,ι
506 2505 541 2572 in
556 2499 749 2574 servitutem
789 2506 876 2574 otius
889 2497 1125 2574 acerbissimam
1142 2501 1387 2586 detrudendos;
1409 2525 1518 2599 neque
1541 2497 1650 2574 obesse
1673 2524 1741 2572 tam
1796 2498 1924 2575 mosam

468 2600 537 2671 lam
550 2601 637 2672 inter
653 2527 873 2673 Prorellantes
890 2622 924 2670 et
937 2600 1128 2672 Catholicos
1145 2598 1397 2696 aequalitatem,
1423 2624 1461 2670 ex
1477 2624 1517 2672 eo
1529 2598 1620 2694 quod
1631 2597 1795 2670 Catholici
1809 2595 1926 2696 supre-

466 2721 501 2770 ta
516 2695 696 2772 Dieasleria
711 2720 867 2793 tanquam
882 2696 1011 2793 judices
1025 2699 1060 2768 in
1075 2694 1176 2769 caulis
1192 2692 1411 2770 ecclesiasticis
1427 2721 1493 2767 non
1507 2691 1693 2789 agnoscant,
1712 2719 1787 2766 nam
1804 2720 1926 2792 aequa·

466 2817 572 2868 tatem
590 2798 624 2866 in
638 2797 702 2868 hoe
716 2796 840 2868 nullam
879 2796 1080 2867 uaerendam
1095 2791 1176 2877 esse,
1202 2819 1278 2867 cum
1295 2797 1329 2864 in
1343 2794 1534 2867 Catholicos
1548 2789 1738 2887 jurisdissio
1753 2791 1926 2866 Pontiheis

469 2890 740 2990 tEpiseoporum
764 2918 830 2964 non
855 2820 894 2963 ht
914 2891 1084 2986 suspensa,
1111 2893 1206 2988 cujus
1229 2888 1447 2987 suspensionis
1468 2895 1501 2962 in
1517 2889 1737 2962 Proteslantes
1757 2885 1864 2964 sastae
1879 2888 1927 2964 sei

470 2991 545 3064 uela
561 2988 734 3063 necessaria
750 2988 789 3061 srt
806 2987 997 3085 jurisdislio
1013 3014 1083 3061 tum
1098 2991 1317 3086 Imperatoris
1336 3012 1407 3061 tum
1426 2992 1652 3061 Dominarum
1668 2988 1926 3062 territorialium
2024 2987 2028 2994 ’
2075 2993 2081 3000 “

466 3113 481 3160 n
497 3081 633 3161 casdim
649 3086 851 3170 subintrans,
877 3088 1109 3183 aequalitatem
1125 3089 1236 3183 potius
1252 3085 1369 3158 exinde
1385 3090 1471 3160 inter
1492 3089 1668 3184 utriusque
1681 3086 1864 3178 Religionis
1879 3082 1928 3158 as·

466 3185 549 3262 'ecles
571 3183 746 3282 consequi,
772 3184 863 3283 quod
884 3183 965 3256 ficut
979 3185 1144 3256 Catholici
1161 3187 1195 3254 in
1215 3185 1268 3255 his
1284 3181 1385 3255 caohs
1409 3182 1483 3256 suos
1496 3183 1624 3279 judices
1651 3207 1722 3254 tum
1747 3179 1929 3257 inferiores

466 3307 524 3357 um
546 3281 753 3384 superiores,
783 3285 824 3353 ad
845 3307 928 3379 quos
954 3306 1137 3376 provocare
1160 3282 1283 3363 liceat,
1311 3280 1471 3365 habeant,
1505 3285 1551 3354 ita
1574 3305 1606 3352 et
1628 3277 1864 3353 Protellantesa
1889 3305 1930 3356 ee

466 3381 559 3464 blpm
581 3385 710 3455 ratione
728 3383 811 3453 hane
826 3379 1094 3476 jurisdislionem
1113 3379 1348 3459 exercendam,
1374 3378 1498 3475 nequid
1517 3377 1736 3452 conscientiae
1753 3376 1930 3452 adversum

466 3503 657 3572 mpetetur,
688 3481 819 3575 hocque
845 3481 933 3549 inter
957 3476 1019 3548 alia
1042 3481 1075 3548 in
1100 3475 1264 3573 supremis
1285 3474 1478 3549 Dicalleriis
1497 3499 1557 3570 per
1569 3477 1622 3571 jus
1638 3475 1738 3546 eundi
1761 3479 1795 3548 in
1818 3499 1932 3573 partes
2011 3533 2014 3538 -

466 3576 578 3649 bidem
592 3602 728 3674 quoque
746 3578 856 3648 locum
877 3574 1000 3647 habens
1016 3575 1186 3671 impediri.
1240 3570 1367 3645 Nescio
1389 3572 1464 3646 sane
1482 3575 1563 3672 quid
1584 3577 1618 3644 in
1641 3574 1692 3644 hts
1709 3577 1932 3649 Curram

466 3677 630 3774 ›rineipiis
643 3675 697 3750 vel
715 3673 775 3773 ipsa
791 3671 1008 3747 Protestantes
1019 3677 1193 3771 aequiores
1208 3673 1317 3769 iniqui
1332 3673 1585 3771 deprehendere
1601 3693 1735 3768 queant.

572 3873 719 3969 Scopam
743 3867 901 3942 Ausloris
924 3867 1100 3942 universnm
1119 3868 1210 3965 quod
1231 3867 1418 3948 concernit,
1444 3865 1477 3936 id
1497 3868 1653 3964 inprimis
1671 3864 1788 3939 acerbe
1805 3865 1938 3962 quaeri·

466 3991 511 4041 ur
532 3966 637 4039 lllust·
654 3975 756 4041 Mos
770 3990 825 4040 ER
846 3975 982 4040 tranat.
1007 3970 1104 4048 oon
1129 3974 1192 4043 oct
1207 3961 1487 4054 dotaoeshoheit
1508 3967 1561 4042 int
1578 3965 1802 4060 &esttamen
1830 3981 1937 4060 ¹773·-

466 4095 482 4138 t.
498 4092 583 4148 551·
610 4065 736 4139 nonnis
757 4066 892 4138 vexandi
919 4061 1101 4159 possessoris
1122 4064 1232 4144 causa,
1258 4061 1312 4135 etii
1337 4058 1485 4160 polleslio
1508 4065 1657 4161 ejusdem
1683 4063 1728 4136 sat
1745 4059 1881 4133 fundata
1898 4059 1937 4131 sit
2016 4137 2020 4142 ,

466 4164 699 4263 rndequaque,
725 4162 981 4237 controversiam
998 4165 1144 4246 moveri,
1171 4163 1271 4234 dubia
1287 4163 1453 4259 praeteri,
1478 4185 1577 4258 atque
1593 4161 1651 4234 sub
1675 4165 1738 4233 hoc
1759 4155 1837 4230 suco
1851 4180 1937 4229 onus
2081 4169 2084 4174 '

466 4259 625 4356 ⁴rrobandi
642 4260 712 4359 poll
732 4285 864 4335 centum
886 4266 985 4332 etiam
1007 4287 1040 4333 et
1062 4264 1303 4358 quinquaginta
1324 4282 1427 4329 annos
1448 4259 1535 4330 cirea
1550 4258 1667 4331 ilatum
1687 4260 1761 4329 anni
1777 4256 1939 4326 normalis

469 4385 490 4430 n
509 4357 618 4454 ipsum
634 4361 782 4443 devolvi,
808 4383 846 4432 ut
861 4357 1056 4434 conscicntia
1074 4362 1213 4457 propria
1226 4355 1409 4430 reluslante
1427 4357 1487 4427 hac
1500 4361 1627 4430 ratione
1638 4355 1769 4452 juribus
1783 4351 1847 4425 suis
1862 4353 1938 4425 erui

482 4481 571 4530 neat.
619 4467 673 4531 An
690 4458 867 4554 aliqnando
884 4454 1007 4528 saslom
1024 4457 1077 4540 ht,
1105 4459 1146 4528 de
1165 4483 1233 4552 quo
1248 4458 1302 4527 hic
1316 4454 1468 4549 querelas
1484 4480 1596 4527 movet
1609 4459 1762 4550 Scriptor
1778 4449 1853 4531 iste,
1870 4474 1944 4522 mo·

482 4579 504 4626 o
525 4553 711 4653 disquirere
733 4553 882 4628 nostrum
904 4582 967 4625 non
984 4556 1049 4638 esl3
1077 4559 1135 4626 hae
1151 4560 1281 4626 ratione
1298 4556 1351 4644 agi
1373 4575 1488 4623 contra
1505 4552 1659 4624 indubios
1673 4545 1864 4648 possessores
1881 4569 1944 4619 nee

466 4651 597 4744 t'eopus,
623 4657 672 4727 uti
701 4655 821 4746 credo,
848 4653 1007 4731 Audotis
1031 4653 1076 4732 est
1096 4657 1131 4730 in
1147 4649 1384 4728 Dissertatioae
1408 4650 1537 4742 nostra,
1561 4673 1672 4751 neque
1695 4671 1821 4746 aequus
1841 4647 1954 4744 quivis

508 4747 608 4836 Tam·
635 4749 706 4838 W·
1274 4746 1347 4826 Dd
1371 4746 1432 4824 dd
1870 4766 1951 4845 pro·
2059 4789 2062 4794 -
