4950 5567
607 591 683 674 oa
706 591 837 692 Juru
861 589 1100 670 rulNCll’ls
1125 585 1403 669 carnotrcr
1427 575 1867 678 onor-sacrare
1922 615 1966 714 ,5
2023 709 2029 720 .

496 767 633 868 tigrem
644 797 686 846 ex
702 769 875 866 lyllemate
887 771 1059 844 catholieo
1077 741 1208 879 ¹subsunt
1221 767 1444 864 jurisdiilioni
1460 768 1609 864 ejusdem
1624 796 1641 844 a
1659 774 1792 848 Christo
1806 774 1879 874 ipso
1891 803 1969 852 con·

499 867 613 946 cellae:
644 873 680 940 in
695 865 869 964 syllemate
885 867 1121 940 Protellantico
1133 865 1401 960 Jtrrisdiilionem
1417 865 1510 939 illam
1527 867 1728 964 usurparunt
1743 876 1878 946 Domini
1889 881 1970 950 Pro·

501 967 670 1050 restantem
698 989 737 1036 ea
755 990 819 1036 uua
839 989 916 1036 eum
933 965 1015 1058 Jure
1030 958 1266 1044 lleformandi,
1289 961 1347 1034 sub
1368 988 1438 1057 quo
1457 967 1770 1060 comprehenditur,
1796 973 1830 1039 in
1849 972 1969 1044 tabulis

501 1069 585 1140 Puris
600 1061 741 1136 cuilibet
756 1059 851 1132 flatui
869 1059 998 1134 firmata
1019 1059 1083 1140 ell;
1111 1085 1129 1128 a
1145 1057 1283 1130 subditis
1303 1062 1408 1150 igitur
1423 1059 1552 1150 agnosci
1572 1062 1687 1134 debet:
1713 1091 1782 1160 quo
1800 1064 1891 1139 sensu
1906 1071 1969 1140 im·
2041 1121 2056 1138 e

505 1164 630 1260 perium
654 1165 690 1230 in
714 1157 922 1250 Religionem
944 1183 1011 1230 non
1032 1155 1148 1242 caelat,
1173 1159 1296 1228 centies
1314 1155 1382 1251 jam
1402 1155 1553 1227 anollris
1575 1157 1768 1253 responsum
1789 1161 1870 1244 fuit,
1894 1189 1968 1254 cam

507 1261 656 1332 nimirem
680 1251 906 1350 persualione‚
931 1253 1196 1349 praedicatione,
1219 1254 1373 1350 exemplo
1387 1252 1646 1346 implantandanr
1661 1255 1741 1339 elle,
1766 1261 1856 1354 quod
1872 1263 1969 1331 mini-

508 1379 551 1444 toe
564 1351 734 1448 impedit,
759 1352 810 1421 rel
824 1348 1089 1444 jurisdielioncm
1103 1349 1193 1419 illam
1212 1356 1387 1444 propriam
1404 1347 1568 1422 Ecclesiae
1581 1376 1620 1421 cx
1631 1351 1834 1426 institutione
1845 1357 1969 1428 Chrilli

462 1491 464 1496 ·
509 1457 662 1524 iaomnes
673 1445 894 1527 Christianos,
920 1447 971 1518 rel
993 1445 1214 1541 impropriam
1227 1449 1453 1517 Dominarum
1468 1445 1720 1520 territorialium
1736 1452 1771 1520 in
1785 1453 1969 1525 Germania

509 1545 630 1643 tliplis
648 1543 907 1614 l’rntellanttbus
930 1539 1105 1614 invetlam.
1156 1541 1209 1613 ad
1237 1543 1282 1633 4)
1309 1545 1473 1612 Exercitio
1497 1540 1704 1616 subditorum
1727 1548 1761 1615 in
1782 1571 1868 1618 anno
1891 1574 1969 1621 nor·

461 1687 463 1696 ·
509 1645 589 1728 mali,
616 1643 711 1738 quod
730 1637 807 1735 iplis
823 1639 1076 1733 relinquendum
1096 1635 1157 1717 cll,
1182 1633 1967 1733 JuslleformandiDominarumterritorialium

510 1763 650 1826 taaruant
676 1738 826 1828 regulam
849 1761 909 1830 per
924 1737 1151 1830 exceptionem
1170 1735 1326 1817 limitari,
1353 1758 1385 1804 ct
1408 1759 1467 1824 per
1490 1733 1522 1806 l'e
1543 1735 1677 1808 evidens
1700 1735 1764 1821 ell,
1792 1763 1825 1810 et
1847 1739 1967 1814 summi

510 1835 696 1932 paciscentes
712 1857 895 1914 noverunt3
921 1833 981 1902 hac
999 1834 1126 1901 ratione
1143 1855 1253 1900 autem
1267 1855 1299 1900 et
1319 1829 1456 1900 subditis
1470 1829 1639 1905 consulere
1656 1835 1852 1917 coluerunt,
1876 1839 1967 1934 quod

508 1936 629 2004 minime
652 1935 688 2000 in
714 1927 967 2000 controverfiam
994 1953 1146 2005 viaeatur,
1174 1927 1357 1997 dnmmodo
1378 1929 1441 1997 laoc
1468 1952 1636 2018 praetorto
1662 1935 1722 2025 Jns
1749 1929 1968 2006 lleformandi

508 2029 594 2102 lodie
611 2031 666 2098 rix
688 2050 755 2096 non
776 2025 817 2094 ad
839 2026 962 2094 nudum
986 2024 1082 2118 plane
1104 2049 1223 2092 nomen
1246 2025 1433 2113 redigatur,
1459 2025 1500 2092 ele
1522 2050 1590 2117 qno
1615 2033 1862 2122 conquerimur.
1913 2032 1970 2102 Ad

512 2133 538 2218 ς)
560 2124 624 2196 Nil
644 2127 710 2194 ltuc
729 2125 874 2216 ineptius
896 2121 1119 2216 pertrahitur,
1146 2143 1244 2213 arque
1269 2121 1359 2213 quod
1382 2121 1435 2190 hie
1454 2117 1502 2188 'ait
1519 2131 1706 2211 Antrones,
1732 2129 1806 2218 quis
1828 2129 1916 2196 enim
1932 2129 1968 2198 id

509 2227 622 2316 negavit
639 2220 814 2315 unquam?
843 2222 947 2288 immo
961 2239 1038 2286 reto
1049 2214 1240 2311 lttnilequid
1256 2218 1377 2286 intuitu
1388 2213 1706 2310 Jurislleformandl
1721 2223 1873 2293 obtinere
1886 2247 1969 2318 pau·

509 2319 615 2391 haute
630 2313 831 2388 infinitatum
853 2310 935 2394 fuit,
962 2337 1037 2382 curn
1050 2336 1084 2382 et
1100 2313 1163 2382 lroe
1181 2337 1242 2406 per
1258 2309 1455 2382 beneficium
1476 2309 1613 2384 subditis
1632 2341 1668 2384 ex
1687 2313 1875 2410 possessione
1888 2325 1965 2392 ,nni
2032 2352 2036 2358 ·

510 2415 653 2486 normalis
667 2409 851 2508 qtraclttum
866 2405 1053 2480 reslrillum
1071 2405 1133 2478 elle
1148 2409 1202 2478 sua
1219 2411 1347 2478 ratione
1360 2409 1494 2501 jamjam
1508 2421 1662 2499 Arranynrr
1678 2411 1870 2504 permissum
1882 2412 1963 2496 fuit.

511 2521 548 2582 At
572 2511 677 2582 uehoc
687 2508 790 2580 modo
798 2503 988 2602 responsum
998 2503 1183 2598 elliamjam
1195 2507 1248 2592 iis,
1262 2529 1346 2598 quae
1354 2505 1473 2574 deinde
1483 2513 1687 2594 Anerrymusfi
1691 2569 1697 2578 .
1710 2535 1965 2608 39.quanquam

508 2535 768 2680 triundamenris
785 2602 876 2672 lubin
894 2604 991 2696 plane
1007 2601 1145 2672 lubricis
1163 2597 1262 2670 affert
1277 2625 1342 2695 pro
1357 2598 1609 2671 demonstranda
1622 2609 1800 2696 capacitate
1815 2606 1966 2682 subdito·

507 2727 568 2776 tutu
583 2709 714 2777 ratione
730 2697 927 2798 pollellionis
944 2700 1106 2792 ejusmodi
1124 2699 1267 2792 jurium:
1294 2697 1374 2795 quid
1390 2699 1478 2766 enim
1494 2701 1589 2768 tunt'?
1614 2700 1734 2788 igitur,
1758 2711 1966 2792 quarenrsilla

460 2817 463 2844 ³
507 2823 710 2883 exerturam,
736 2803 935 2868 arrexercira
950 2825 968 2864 a
982 2794 1010 2878 (e
1019 2793 1109 2886 fuiffe
1123 2797 1415 2889 prolareptreranr,
1442 2795 1490 2864 uti
1507 2793 1629 2863 dicitnr
1644 2802 1720 2866 Art.
1737 2823 1756 2876 5
1791 2807 1823 2877 ff,
1849 2825 1904 2886 3¹·
1928 2805 1966 2874 in

507 2897 554 2970 luc
567 2891 762 2996 polsellione
778 2893 986 2990 re'inquendi
1002 2915 1116 2972 erunt,
1141 2891 1243 2961 modo
1267 2915 1309 2960 ne
1333 2893 1455 2960 iutuitu
1473 2891 1597 2960 horum
1617 2915 1751 2986 quoque
1777 2890 1843 2966 lese
1862 2923 1881 2965 a
1897 2903 1967 2972 Do·

460 2987 462 3056 Ϊ
506 2996 582 3066 mitto
597 2996 763 3065 territorii
780 2991 867 3061 nulla
886 2991 1028 3084 amplius
1047 2991 1173 3058 ratione
1191 2987 1378 3080 dependere
1394 2987 1512 3066 velint,
1529 3011 1647 3081 quam,
1672 3013 1709 3058 ut
1724 2993 1897 3083 inquiunt,
1918 2997 1968 3066 in.

508 3089 751 3186 dependentiam
763 3092 797 3156 Η
810 3108 828 3156 Ε
839 3105 947 3158 Lrsstt
961 3107 969 3155 ι
982 3105 1034 3156 etl
1048 3105 1056 3152 r
1071 3107 1081 3154 1
1098 3089 1127 3154 irr
1141 3083 1214 3173 llrff
1233 3087 1269 3151 cle
1290 3087 1614 3180 independrmiajurir
1633 3091 1709 3154 circa
1724 3088 1809 3170 saera
1826 3097 1970 3162 statuum

504 3191 632 3282 inperii,
660 3189 782 3256 merito
797 3185 982 3274 rejicimus,
1009 3205 1115 3274 neque
1135 3188 1304 3268 Aarrryntus
1318 3177 1386 3271 ipse
1402 3177 1554 3247 adllruit:
1581 3204 1645 3272 qua
1668 3207 1747 3250 vero
1767 3207 1854 3254 nuuc
1867 3190 1968 3258 ratio·

505 3307 537 3356 at
549 3283 580 3354 id
597 3283 736 3354 demum
759 3277 984 3374 consequitur,
1008 3281 1110 3367 igitur
1128 3281 1291 3344 Dominus
1306 3279 1465 3344 territorii
1478 3273 1752 3368 Juriselteliooern
1769 3280 1968 3354 Ecclesiasti-

463 3427 468 3450 .
504 3401 563 3450 tam
577 3385 613 3452 in
630 3379 795 3472 ejusmodi
813 3373 956 3445 subditos
972 3399 1123 3444 exercere
1141 3381 1271 3464 nequit,
1295 3371 1351 3441 etii
1366 3397 1438 3442 eant
1454 3367 1677 3466 pollellionem
1691 3371 1767 3468 ipsis
1783 3373 1902 3449 salvam
1917 3405 1970 3454 re·

504 3473 646 3574 linquere
664 3475 763 3558 velit,
789 3475 852 3543 lroc
869 3475 1039 3543 enimvero
1054 3495 1220 3566 nunquam
1238 3472 1367 3540 evincet
1379 3478 1562 3557 Anonymns.

609 3669 747 3740 Arenim
765 3663 785 3736 fi
800 3668 844 3736 ita
860 3663 904 3736 est
920 3667 964 3734 air
991 3665 1025 3753 ι)
1045 3687 1148 3758 porro
1168 3669 1337 3752 Anonymus
1352 3669 1387 3742 l.
1404 3689 1424 3736 4
1430 3687 1463 3740 5·
1479 3680 1509 3730 rt
1525 3673 1581 3734 46.
1631 3663 1696 3731 Res
1714 3663 1966 3744 Proteilantium

502 3767 581 3840 malo
595 3761 729 3837 futuras
745 3764 834 3842 loco,
858 3759 879 3832 fi
896 3763 941 3832 nil
956 3759 1030 3855 ipsis
1048 3760 1302 3855 relinquendum
1320 3756 1366 3838 fit,
1384 3782 1482 3852 quam
1499 3756 1588 3850 quod
1606 3782 1689 3828 anno
1704 3767 1843 3832 normali
1861 3763 1965 3858 polle·

500 3863 633 3945 derunt,
656 3859 747 3956 sique
765 3861 827 3931 ltoe
844 3862 941 3950 unico
963 3854 1125 3927 beneficio
1144 3861 1205 3925 ruti
1232 3855 1307 3925 sint:
1337 3857 1375 3943 2)
1402 3853 1491 3948 quod
1509 3851 1681 3948 Epil'copis
1697 3859 1729 3925 in
1745 3857 1963 3934 instrumento

502 3965 582 4056 pacis
597 3959 793 4052 ademptum
809 3954 865 4038 fit,
881 3957 945 4026 hoc
962 3953 1241 4025 nullibiDominis
1257 3954 1417 4023 territorii
1433 3947 1596 4042 adjeElum
1610 3946 1718 4022 fuille:
1743 3956 1776 4024 id
1794 3955 1871 4052 iplis
1885 3984 1962 4028 con.

502 4055 614 4128 tellum
634 4052 731 4126 fuisse
753 4050 878 4142 solum,
905 4054 995 4146 quod
1021 4061 1053 4120 in
1078 4053 1233 4120 exercitio
1264 4045 1430 4144 potestatis
1456 4047 1657 4142 Epileopalis
1683 4051 1822 4122 nimium
1845 4049 1960 4138 fuerit,

502 4175 558 4226 naa
572 4159 623 4224 die
639 4159 719 4237 Βιίι)Ι
730 4152 787 4242 iffr
808 4176 847 4226 zu
867 4157 932 4220 viil
950 4151 1060 4243 gelule
1080 4151 1184 4217 licien.
1238 4151 1277 4238 3)
1301 4155 1433 4214 Annum
1451 4145 1632 4214 normalem
1650 4151 1787 4218 minime
1807 4146 1869 4220 csse
1892 4153 1964 4221 uni·

502 4273 585 4332 “ms
618 4274 659 4323 ex
685 4275 750 4342 qua
776 4243 994 4318 Protcllantes
1018 4244 1092 4340 jura
1124 4242 1177 4313 l'ua
1210 4242 1390 4314 deducant,
1423 4263 1585 4310 normam.
1631 4247 1672 4330 4)
1701 4255 1824 4324 Anu„
1852 4253 1884 4336 ρ,
1902 4274 1962 4332 30·

503 4349 543 4418 ull
559 4349 745 4426 contineri,
775 4342 831 4414 nist
846 4368 881 4416 ut
898 4349 1006 4416 Status
1022 4347 1056 4411 in
1076 4343 1230 4410 exercitio
1247 4337 1487 4433 superioritatis
1509 4338 1717 4408 territorialis
1735 4343 1857 4411 intuitu
1873 4345 1962 4413 Reli.

504 4445 605 4534 rionis
629 4465 696 4516 uon
721 4439 906 4513 turbentur.
954 4447 1083 4511 Verum
1110 4437 1148 4506 ad
1178 4439 1214 4528 r)
1239 4435 1393 4504 adverlos
1420 4436 1603 4502 Dominum
1626 4439 1787 4506 territorii
1814 4435 1961 4510 subditos

506 4537 568 4638 ipl's
583 4543 649 4618 l’sx
669 4565 709 4624 ex
726 4539 819 4616 nullo
835 4541 941 4638 capite
959 4560 1046 4615 tutos
1062 4534 1189 4622 reddit,
1211 4531 1270 4608 nist
1289 4527 1541 4700 eerollelltone
1561 4532 1636 4603 anni
1654 4535 1831 4622 normalis,
1856 4559 1962 4633 quare

1373 4653 1393 4730 3
1904 4656 1966 4710 nec

1309 4743 1321 4772 ἱ
