4950 5567
485 607 505 714 Ι’π
587 621 592 632 ·
656 599 727 677 DE
753 599 1171 698 CLAUSULARRT.
1196 607 1266 686 tv.
1292 607 1430 686 PAClS
1456 611 1805 694 RYSWICENSIS.
1899 649 1975 728 437

478 785 705 879 tomentum:
733 808 771 855 cx
785 784 807 855 l.
822 785 879 860 cit.
895 783 991 884 passa
1006 791 1093 860 inter
1106 790 1293 861 Dominum
1304 811 1338 862 et
1349 786 1496 865 subditos
1508 791 1620 867 locunt
1632 790 1772 881 habent,
1795 795 1853 872 etsi
1868 803 1903 876 P.
1913 807 1973 879 W·

477 885 601 980 aliquo
624 882 726 955 modo
743 887 909 956 contraria
934 883 1047 956 saltem
1073 885 1136 956 hoc
1159 883 1270 969 sensu,
1296 888 1391 983 quod
1414 889 1524 988 aliqua
1545 915 1625 988 pars
1645 891 1688 964 de
1705 894 1781 986 jure
1797 895 1858 992 ipsi
1875 923 1914 972 ert
1932 925 1972 978 ca

479 1004 568 1079 pace
585 1003 797 1077 competente
821 985 1001 1079 quicquam
1028 984 1195 1066 remittat,
1224 987 1330 1076 igitur
1345 1007 1380 1056 et
1400 986 1511 1059 locum
1535 991 1719 1086 etquidem
1739 993 1970 1090 multomagis

481 1075 784 1176 habebit-paetum
809 1081 903 1174 Jutis
928 1083 1092 1154 Gentium
1117 1105 1194 1156 eum
1218 1086 1312 1179 Rege
1336 1106 1472 1178 extero,
1498 1081 1675 1185 supremo,
1702 1084 1771 1162 esto
1794 1113 1859 1186 per
1884 1095 1972 1172 illud

484 1173 596 1252 disits
615 1179 691 1276 paci
706 1175 836 1275 aliquid
851 1178 1044 1274 derogetur.

602 1376 698 1449 Salva
721 1375 929 1448 humanitate
948 1380 1041 1473 Juris
1059 1379 1222 1452 Gentium
1245 1402 1376 1476 nupero
1399 1378 1488 1453 bello
1504 1381 1615 1455 adhuc
1636 1379 1799 1476 flagrante
1817 1384 1973 1463 abolitio·¹

483 1499 561 1550 nem
576 1473 740 1548 clausulae
756 1499 815 1546 nec
832 1500 849 1544 a
864 1477 956 1567 Rege
982 1480 1142 1551 Franciac
1159 1501 1219 1548 nec
1237 1477 1419 1550 Catholicis
1447 1483 1532 1573 exigi
1557 1480 1699 1575 potuisse
1726 1487 1834 1580 inquit
1851 1497 1971 1560 Audet

483 1583 534 1647 N.
556 1581 637 1651 Vll.
688 1578 799 1670 Qram
824 1575 961 1667 inepte,
994 1577 1505 1670 replicat8u1.ct-towtusi
1542 1577 1658 1676 quodsi
1691 1581 1863 1654 adversum
1890 1588 1971 1681 Juri

488 1675 649 1744 Gentium
671 1697 738 1742 non
757 1666 860 1742 suerit
875 1669 1134 1743 Proteslantibus
1154 1677 1188 1742 in
1207 1695 1256 1742 tot
1276 1672 1358 1742 locis
1382 1671 1437 1743 sua
1456 1678 1607 1772 eripere,
1641 1702 1701 1749 nec
1725 1679 1772 1749 illi
1794 1681 1970 1757 adversitm

488 1765 582 1853 sote,
609 1767 631 1840 st
647 1791 764 1841 contra
781 1764 972 1864 possessores
986 1771 1120 1866 iniquos
1140 1771 1181 1841 ad
1198 1767 1441 1843 restitutionem
1458 1771 1557 1844 slatus
1572 1778 1647 1844 anni
1664 1777 1822 1847 normalis
1839 1801 1968 1871 agatur.

485 1867 578 1967 Qtid
594 1893 674 1943 veto
688 1866 816 1939 diceret
834 1863 977 1948 Censor,
999 1867 1023 1939 st
1045 1867 1115 1964 ejus
1132 1865 1232 1941 verba
1255 1868 1344 1938 hunc
1363 1869 1397 1938 in
1414 1872 1553 1943 madunt
1576 1875 1609 1943 in
1631 1897 1708 1944 curn
1733 1872 1841 1969 ipsum
1858 1879 1968 1973 repel-

485 1966 648 2048 letentur.
698 1972 798 2039 Salva
821 1967 1011 2037 humanitate
1031 1970 1123 2065 Jatis
1142 1970 1288 2038 Gentium
1307 1968 1418 2061 inquis
1446 1971 1532 2038 hadre
1550 1997 1570 2039 a
1592 1971 1830 2059 Protestanralas
1844 1978 1967 2048 abolitio

484 2070 574 2145 Pacis
596 2064 814 2159 Wtstphalittt
835 2067 916 2156 exigi
936 2069 1060 2155 nequit,
1083 2089 1172 2156 quam
1193 2067 1314 2157 inepte!
1342 2061 1458 2158 quodsi
1482 2089 1548 2135 non
1570 2061 1634 2137 fuit
1659 2067 1832 2141 adversum
1852 2073 1968 2144 hunta-

486 2165 579 2236 nitati
593 2168 685 2261 Juris
702 2163 886 2242 Gentium,
911 2162 1101 2233 Catholicos
1119 2165 1152 2233 in
1172 2160 1310 2231 dimidia
1330 2157 1438 2234 ferme
1455 2164 1657 2235 Germaniae
1674 2189 1769 2259 parte
1785 2167 1884 2239 rebus
1900 2168 1967 2250 suis

488 2259 648 2360 spoliare,
672 2285 780 2354 neque
796 2259 861 2331 talc
883 2259 964 2354 quid
978 2262 1044 2331 crit
1060 2257 1214 2332 adversus
1231 2261 1366 2352 iniquos
1380 2257 1572 2332 detentores
1587 2261 1628 2331 ad
1650 2260 1892 2338 restitutionem
1907 2267 1968 2340 sla·

490 2381 538 2433 rus
558 2384 634 2431 ante
653 2356 695 2431 sic
717 2357 838 2429 dislam
861 2352 1150 2430 Reformationem
1173 2361 1301 2449 agere?
1351 2360 1449 2426 Num
1465 2356 1646 2430 verborum
1660 2357 1736 2431 satis
1753 2358 1831 2434 esset
1850 2367 1895 2435 ito
1914 2389 1970 2438 ra·

491 2460 655 2532 tiocinanti
670 2455 998 2552 impingendorum?
1019 2458 1190 2536 ¹nimirum
1212 2452 1496 2550 quemadmodum
1522 2454 1625 2527 modu
1647 2455 1794 2548 quaestio
1819 2487 1887 2532 non
1906 2461 1966 2550 est,

493 2581 529 2630 aa
548 2581 581 2630 et
601 2581 667 2652 qua
684 2558 812 2627 ratione
838 2555 919 2626 baec
936 2554 1117 2625 Catholicis
1140 2576 1255 2648 erepta
1278 2546 1428 2632 fuerint,
1454 2549 1509 2621 sed
1536 2551 1618 2648 quid
1641 2551 1901 2628 Protestantibus
1926 2584 1967 2634 ea

492 2679 626 2751 utraque
640 2658 722 2727 Pace
739 2650 776 2723 stt
790 2650 1067 2746 relinquendum,
1094 2654 1139 2722 ita
1157 2651 1267 2722 necin
1288 2650 1426 2719 materia
1447 2645 1623 2728 subllr'ota,
1647 2673 1689 2718 an
1704 2672 1737 2719 et
1752 2675 1818 2744 qua
1835 2658 1967 2729 ratione

496 2755 576 2827 Galli
591 2775 743 2849 tempore
757 2749 834 2822 belli
852 2747 1111 2821 Protestantibus
1127 2752 1308 2845 quicquam
1323 2747 1508 2840 eripuerint
1525 2795 1533 2826 ,
1559 2742 1613 2818 sed
1628 2746 1709 2842 quid
1725 2747 1909 2822 Catholicis
1924 2775 1966 2830 ex

495 2849 582 2950 pauo
601 2849 756 2951 publico,
779 2847 909 2937 valido,
932 2846 972 2922 ab
988 2845 1064 2946 ipsis
1082 2843 1342 2922 Protcstantibus
1355 2843 1536 2919 ratihabito
1554 2841 1592 2916 ht
1610 2843 1872 2925 concedendum.

598 3054 648 3123 Ea
664 3043 887 3146 quaeAuslor
903 3069 1007 3144 porro
1024 3041 1109 3119 Sesl.
1123 3049 1151 3117 1.
1171 3041 1271 3119 affert
1287 3069 1350 3142 pro
1365 3037 1617 3119 demonstranda
1633 3047 1968 3144 acceptationeclau·

500 3144 574 3222 sulae
597 3148 638 3221 ab
659 3146 735 3246 ipsts
752 3142 1012 3217 Proreslantibus
1037 3142 1143 3216 faslae
1164 3141 1253 3216 hisce
1275 3168 1433 3218 enervare
1457 3143 1630 3216 contendit
1652 3148 1900 3218 Sancuowt
1914 3169 1964 3224 vs

505 3249 532 3336 t)
553 3241 1004 3345 DeputatorProtellanticos
1021 3247 1054 3314 in
1069 3242 1232 3315 mandatis
1246 3237 1625 3323 slriililsrmishabuilse,
1652 3244 1775 3338 nequid
1788 3247 1821 3314 in
1838 3244 1966 3342 Ryswi·

501 3342 568 3416 tensi
590 3348 726 3441 utrique
751 3344 827 3413 Paci
852 3342 1036 3433 Religionis
1062 3343 1292 3434 derogaretur.
1345 3341 1384 3428 s)
1409 3363 1463 3411 eas
1486 3364 1548 3434 pro
1571 3337 1635 3411 host
1657 3339 1806 3414 admissas
1827 3341 1868 3414 ab
1884 3341 1964 3440 ipsis

503 3443 604 3517 Gallis.
655 3445 694 3537 3)
715 3438 990 3535 subscriptionem
1009 3438 1297 3532 lasiartcmberg'enfis
1323 3463 1356 3509 et
1376 3438 1518 3508 aliorum
1537 3435 1663 3508 nonnisi
1679 3437 1737 3510 sub
1756 3441 1896 3536 sperati
1913 3438 1964 3514 fa·

502 3539 594 3633 llam,
620 3564 729 3637 neque
746 3539 819 3608 aliis
843 3536 1102 3608 Proteslantibus
1127 3535 1358 3631 praejudicare
1385 3533 1494 3630 posse,
1519 3538 1700 3631 praecipue
1723 3563 1800 3609 cum
1821 3537 1966 3611 Manda-

503 3645 588 3712 tatius
604 3665 671 3711 non
686 3633 783 3734 possit
799 3635 914 3729 egredi
928 3633 1010 3707 siucs
1027 3635 1173 3705 mandati
1193 3635 1264 3705 suit
1303 3637 1344 3722 4)
1370 3640 1502 3727 Corpus
1519 3633 1796 3726 Evangelicorum
1818 3635 1966 3731 expresse

503 3735 696 3810 iaConeluso
710 3736 880 3806 communi
896 3756 970 3805 ante
984 3732 1255 3804 ratihabitionem
1266 3737 1355 3826 pacis
1368 3729 1545 3801 clausulam
1560 3729 1686 3801 nonnisi
1703 3732 1743 3804 de
1754 3733 1904 3805 Ecclesris
1921 3733 1964 3808 ab

479 3832 559 3929 ‘ipso
572 3839 664 3928 Rege
684 3830 864 3905 aedificatis
886 3855 919 3903 ct
942 3832 1063 3903 dotatis
1083 3829 1333 3920 intelligendam
1354 3826 1417 3898 else
1438 3826 1630 3909 declarasse,
1654 3830 1744 3923 quod
1767 3831 1856 3902 idem
1877 3829 1967 3906 sete·

505 3935 537 4006 tit
548 3939 688 4028 Legatos
713 3929 863 4003 Gallicus
887 3934 924 4002 aa
947 3935 1096 4001 chameis.
1151 3932 1187 4020 5)
1212 3930 1304 4000 Huic
1320 3925 1548 3999 Reservationi
1567 3925 1823 3998 Proteslantium
1842 3933 1965 4002 Catho-

506 4025 569 4106 litos
587 4033 636 4103 nil
658 4024 858 4127 opposuisse.
921 4026 964 4120 6)
990 4024 1056 4100 Ets
1082 4030 1273 4123 Imperator
1298 4025 1492 4121 simplicitet
1517 4047 1633 4117 pacem
1659 4025 1899 4110 ratihabncrit,
1926 4027 1965 4100 id

508 4149 558 4200 uon
577 4129 726 4202 adimere
750 4121 1009 4197 Protessantibus
1030 4125 1084 4219 jus
1114 4126 1222 4219 priori
1248 4122 1476 4218 liescrtatiuni
1505 4121 1728 4204 inhaerendi,
1763 4125 1853 4220 quod
1885 4123 1964 4199 satis

509 4225 586 4310 etiarn
598 4225 767 4300 luculente
779 4219 996 4294 confirmetur
1011 4247 1073 4317 per
1088 4223 1257 4294 machinos
1271 4247 1386 4294 contra
1401 4215 1577 4291 clausulam
1590 4217 1702 4314 polleo
1715 4219 1755 4291 ab
1769 4223 1834 4290 illis
1848 4217 1963 4298 fassas.

509 4323 541 4414 τ)
560 4323 748 4398 Ridiculum
770 4317 849 4403 esse,
875 4315 1140 4393 fivelitnuetor
1163 4320 1247 4391 hanc
1273 4345 1347 4394 rcm
1372 4317 1413 4388 ad
1437 4321 1570 4413 Corpus
1594 4318 1871 4410 Evuugelicorum
1895 4345 1964 4394 non

511 4419 696 4514 pertinuisse,
719 4443 794 4491 cum
811 4416 933 4489 bellum
949 4419 1142 4489 inchoatum
1159 4413 1262 4489 suerit
1276 4444 1314 4490 ex
1329 4412 1431 4490 causis
1449 4415 1611 4508 politicis,
1638 4418 1771 4510 eoquod
1787 4421 1891 4487 esitus
1905 4419 1964 4490 do·

514 4525 596 4594 neris
608 4526 641 4593 in
663 4520 719 4592 illa
734 4513 875 4588 clausula
891 4523 1006 4614 utiquc
1023 4513 1151 4588 caulam
1169 4516 1354 4612 Religionis
1377 4515 1552 4585 contineri.
1608 4513 1858 4584 Intolerandum
1875 4517 1968 4588 deni·
2028 4549 2034 4557 ¹

516 4633 565 4712 que
582 4615 658 4713 else,
681 4615 707 4700 si
730 4610 891 4696 imberbis
916 4615 1084 4715 ejusmodi
1106 4613 1259 4713 juvenis,
1294 4611 1401 4710 qualis
1434 4615 1469 4682 in
1502 4611 1604 4692 titulo
1627 4607 1872 4688 Differtotionis
1894 4639 1966 4788 sim

520 4759 522 4764 ·
1309 4717 1418 4807 lii3
1837 4719 1891 4786 nu
1927 4737 1963 4788 o·
