4950 5567
493 616 565 698 DE
589 613 765 694 'ONERE
788 615 930 693 PROB.
954 613 1096 694 SUBD.
1118 615 1176 692 ΙΝ
1200 614 1368 697 RELlG,
1392 617 1429 694 A
1444 617 1575 695 DOM.
1590 617 1739 700 Tssuu
1754 624 1822 704 &n
1850 654 1925 732 535
1971 588 1975 594 .

555 794 657 859 decisa
669 791 793 868 fuisset,
809 794 1074 877 quemadmodum
1088 794 1120 857 id
1136 794 1213 858 aliar
1228 793 1262 857 in
1280 792 1494 861 citationibus
1506 801 1706 878 peremtoriia
1716 801 1833 885 justum
1855 806 1900 871 est
1912 844 1935 885 ,·

554 879 603 944 illi
621 919 630 951 ,
650 876 736 955 quod
752 874 822 938 sane
837 875 908 939 satin
926 876 1056 949 doleat,
1074 874 1173 939 bodie
1190 873 1372 957 Pacificatio
1389 897 1449 941 nec
1467 877 1524 942 ulli
1545 879 1725 960 adjutorio,
1743 904 1802 949 nec
1814 885 1927 951 sunda·

554 968 667 1024 mento
686 956 796 1020 cedere
809 957 924 1028 debet,
946 976 1014 1018 non
1028 954 1144 1033 aliter,
1162 954 1248 1038 quasa
1264 977 1336 1021 cnm
1354 955 1472 1021 recessu
1483 958 1738 1043 Norimbergenst
1748 965 1927 1033 Execut'io·

554 1041 606 1105 nis
621 1040 735 1137 iterum
749 1036 802 1102 via
811 1037 1012 1102 Instrumenti
1024 1040 1112 1121 pacis
1125 1081 1141 1136 ’.
1155 1040 1203 1101 nti
1212 1036 1245 1102 id
1260 1059 1304 1102 ex
1317 1038 1409 1102 distis
1425 1039 1487 1134 illia
1503 1041 1601 1138 libere
1613 1040 1773 1143 sequitut,
1818 1052 1924 1114 enitua
2030 1083 2035 1088 ·

555 1116 1926 1287 titulunultanluttizildutfltrdl‘tdilituit-‘uului

555 1292 707 1367 queretur
721 1300 844 1365 porro,
910 1286 1040 1344 Annum
1051 1282 1227 1346 normalem
1239 1282 1322 1345 ultra
1341 1284 1396 1347 illa
1409 1295 1552 1367 tempora
1564 1283 1779 1350 Execntlonia
1795 1288 1927 1355 hodier-

555 1383 630 1430 nam
646 1382 791 1425 normam
807 1363 918 1428 Statua
933 1362 967 1425 dr
988 1361 1184 1427 Possell'ronia
1214 1364 1426 1446 litigantium,
1446 1367 1551 1428 minua
1570 1368 1728 1447 praebere,
1745 1370 1780 1434 in
1799 1383 1927 1435 contra·

556 1448 640 1512 rium
658 1466 695 1507 ea
709 1444 753 1507 ost
765 1445 869 1509 nostra
883 1444 1003 1528 Opinio
1015 1461 1027 1507 r
1046 1441 1158 1508 Pacem
1171 1442 1417 1526 Westphalicam
1438 1441 1473 1509 dt
1486 1445 1615 1510 Annum
1634 1451 1808 1513 normalem
1819 1450 1925 1518 bodie

557 1525 799 1600 adhucludicea
826 1525 888 1591 elie
904 1525 1190 1590 controversatum
1202 1526 1380 1609 Religionis
1395 1527 1426 1591 id
1449 1546 1490 1596 uc
1508 1546 1550 1590 eo
1566 1530 1689 1611 magis,
1716 1532 1867 1614 cumipse
1891 1537 1927 1617 S.

554 1609 689 1675 illerum
704 1607 819 1671 dubius
833 1619 947 1687 extet,
966 1618 1004 1670 ut
1015 1606 1118 1670 adhuc
1131 1606 1184 1670 sub
1198 1606 1309 1680 Jndice
1320 1608 1360 1672 lis
1373 1607 1411 1673 sit
1476 1609 1596 1673 tamdiu
1608 1612 1733 1693 quidem
1753 1612 1805 1678 illa
1820 1614 1928 1694 dispo·

557 1690 632 1758 fitio
647 1698 772 1752 maneat
782 1708 866 1753 onua
882 1687 1075 1753 subditorum
1087 1707 1189 1770 usque
1199 1690 1274 1753 doru
1286 1689 1458 1754 amicabilia
1471 1689 1524 1753 illa
1535 1691 1745 1772 compositio,
1770 1697 1927 1774 quaeillud

557 1772 803 1839 instrumentum
815 1770 922 1835 taliter
937 1769 1072 1853 qualiter
1083 1768 1361 1851 exularejubebit,
1381 1768 1518 1836 feliciter
1538 1774 1714 1854 contingat
1781 1774 1927 1839 Necesse·

556 1856 604 1919 ria
616 1854 714 1935 igitur
726 1853 770 1914 est
786 1852 1027 1933 consequentia,
1051 1849 1163 1934 saepiua
1175 1850 1338 1915 laudatum
1351 1856 1379 1932 §.
1392 1871 1444 1934 31.
1463 1850 1517 1916 bot
1531 1862 1630 1917 tomen
1645 1874 1706 1917 noar
1725 1855 1873 1936 obstante,
1893 1860 1926 1921 in
2064 1841 2068 1860 ’

559 1934 744 2013 Quaestione
764 1932 938 1996 Dominum
959 1933 1041 1995 inter
1062 1931 1096 1994 dt
1122 1931 1264 1996 subditur
1284 1932 1389 1996 sistere
1400 1932 1488 1995 usum
1509 1935 1713 2010 modernum,
1733 1956 1792 2001 nec
1814 1940 1873 2001 rite
1892 1942 1927 2003 iu

559 2017 631 2082 casu
646 2015 837 2092 Quaestionra
856 2015 962 2084 silere,
981 2013 1143 2076 nonenim
1158 2011 1419 2095 deprehendimus
1433 2013 1520 2076 illarn
1534 2013 1564 2078 se
1585 2015 1687 2079 nelam
1700 2036 1759 2098 pro
1778 2021 1926 2101 genuina.

559 2097 776 2165 Pacificationi
788 2094 1012 2178 Westphalicae
1024 2093 1182 2157 subsecuta
1193 2092 1239 2157 est
1251 2093 1404 2159 executio
1415 2093 1552 2168 Norica,
1565 2034 1618 2161 ςΕ.
1630 2106 1666 2167 s.
1680 2117 1732 2181 31.
1747 2097 1775 2171 J.
1795 2099 1825 2164 P.
1861 2103 1928 2165 eni.

558 2179 669 2245 tuaest
684 2179 721 2241 ad
732 2179 882 2262 impletus
898 2219 909 2252 ,
926 2195 986 2240 nec
997 2176 1132 2258 amplius
1145 2175 1263 2238 intuitu
1277 2176 1384 2238 oneris
1398 2175 1550 2256 probandi
1574 2185 1627 2238 tan
1651 2196 1706 2241 ere
1720 2180 1814 2243 debet
1840 2169 1929 2246 ubdi·

558 2276 634 2337 toa,
656 2261 769 2344 quibus
799 2278 882 2323 onus
909 2255 992 2332 hoc,
1014 2275 1087 2320 cunr
1109 2256 1334 2319 executionem
1354 2256 1458 2319 lacere
1503 2255 1600 2320 lacuit
1639 2260 1776 2332 tatibna,
1794 2282 1835 2325 eo
1857 2262 1925 2346 ipso
2050 2285 2053 2290 ·

558 2344 740 2427 impolitum
754 2342 856 2405 adbuc
875 2336 939 2418 est,
962 2339 1111 2421 quoniam
1130 2335 1208 2400 fiob
1219 2338 1445 2433 executionem
1459 2275 1556 2399 cient
1569 2341 1653 2414 tuti,
1676 2339 1782 2405 secure
1793 2363 1862 2406 eam
1879 2345 1926 2408 nl·

558 2428 725 2508 legerent,
746 2424 879 2487 ulterius
890 2419 973 2485 aru·
986 2418 1090 2482 nostra
1103 2419 1147 2482 ita
1166 2418 1341 2499 probabilia
1351 2417 1532 2480 reddrmuc:
1555 2418 1758 2485 Vocabulum
1769 2435 1925 2504 quotenne

475 2513 478 2518 '
556 2508 606 2574 est
617 2529 688 2572 vox
700 2504 846 2577 relativa,
861 2502 998 2585 &ponit
1009 2500 1126 2583 speeies
1136 2498 1299 2568 exercitii,
1316 2515 1375 2562 neu
1388 2514 1469 2561 vero
1481 2495 1590 2561 Genua
1605 2500 1660 2563 vel
1671 2502 1811 2582 regulam
1824 2504 1926 2578 Jurig.

561 2589 712 2655 distiouic
729 2584 952 2651 Ecclefiasticae
968 2580 1233 2664 comprehendere
1244 2579 1374 2652 voluit,
1395 2586 1433 2639 ut
1448 2575 1503 2641 ille
1515 2576 1579 2658 ipse
1593 2580 1626 2661 ς.
1638 2599 1690 2661 31.
1708 2581 1924 2654 testimouium

558 2673 601 2737 de
620 2671 684 2734 hoc
702 2667 816 2732 asserto
836 2664 980 2750 praesttt,
1003 2662 1078 2726 dum
1094 2662 1211 2744 speciea
1231 2661 1392 2733 recenset,
1410 2659 1443 2721 in
1460 2659 1592 2739 quibua,
1610 2660 1853 2743 srprobaverint
1870 2668 1925 2733 sua
2030 2713 2033 2720 n

529 2823 531 2826 ,
558 2752 633 2829 lura
650 2752 783 2822 subditi,
805 2751 866 2814 tuti
881 2751 1100 2831 permaneant,
1116 2762 1176 2825 qua
1189 2761 1286 2825 opera
1300 2739 1442 2825 specialis
1458 2739 1646 2808 recensionis
1660 2741 1854 2825 supersedere
1866 2769 1927 2830 po·

559 2834 688 2899 tniffent
709 2831 922 2904 Paciscenten,
948 2825 1046 2899 firm
1064 2826 1146 2888 circa
1158 2824 1252 2888 Sacra
1270 2825 1303 2887 in
1323 2840 1439 2905 genere
1451 2821 1620 2885 attribuere
1637 2823 1808 2888 voluissent
1821 2827 1923 2894 subdi-

560 2918 630 2987 tiu,
660 2916 694 2978 dr
713 2913 842 2977 Domini
860 2910 1029 2993 Imperium
1050 2905 1226 2988 relinquere
1238 2904 1369 2970 nudum.
1411 2900 1569 2966 Ponemun
1589 2905 1687 2985 igitur
1699 2906 1801 2970 cusum
1821 2910 1922 2988 illurn,

559 2998 704 3064 subditoa
720 2994 914 3079 praetendere
926 2989 982 3064 Jua
1002 2986 1185 3071 disponendi
1204 2987 1287 3051 circa
1299 2984 1491 3068 Hospitalia,
1514 3002 1620 3049 nonne
1634 3003 1718 3049 nunc
1734 2989 1851 3070 vigore
1863 2990 1924 3055 hu·

578 3098 616 3142 oa
634 3076 786 3141 vocabuli
809 3083 957 3159 quatenus
975 3070 1133 3133 Dominus
1149 3065 1317 3133 Territorii
1343 3066 1464 3130 tamdiu
1487 3065 1596 3148 potius
1619 3065 1768 3131 fundatur
1790 3072 1823 3132 in
1846 3070 1922 3144 Jure

561 3078 629 3226 boc
645 3161 699 3223 sibi
724 3162 927 3241 competente
949 3150 1045 3234 nsque
1065 3150 1139 3214 dum
1159 3146 1381 3213 Possesiloneur
1399 3147 1485 3210 Anni
1508 3147 1676 3213 decretorii
1701 3171 1744 3213 ex
1765 3150 1816 3212 sua
1834 3152 1924 3220 Parte

587 3241 791 3312 robaverint,
816 3257 882 3299 non
895 3234 1057 3305 obstante,
1077 3231 1164 3314 qnod
1186 3232 1218 3294 in
1235 3233 1331 3294 Anno
1346 3229 1526 3293 decretorio
1546 3227 1712 3294 habuerint
1725 3230 1924 3300 Exercitiurn

472 3322 474 3326 ’
562 3263 633 3391 iteri
658 3321 741 3387 ionia
753 3319 933 3402 publicum,
953 3315 1009 3390 Jus
1031 3313 1219 3376 Petronatns
1233 3312 1294 3376 dcc.
1317 3310 1527 3392 destituuntur
1544 3313 1626 3374 enim
1640 3323 1770 3376 eatenus
1783 3313 1842 3377 hac
1857 3317 1923 3397 spe·

495 3403 498 3409 '
564 3406 614 3469 cie
633 3344 732 3478 infir,
755 3421 826 3481 quae
844 3400 970 3481 proprie
985 3398 1016 3458 in
1031 3394 1248 3473 Quaestionem
1261 3395 1371 3469 venit,
1393 3401 1547 3475 quatenus
1568 3394 1701 3478 probare
1719 3412 1787 3459 non
1804 3408 1920 3480 potne-

567 3498 643 3552 runt
658 3485 800 3567 ejusdem
811 3479 1040 3548 Poffeffiouetn.
1257 3483 1275 3502 ‘
1614 3483 1618 3490 '

1099 3657 1135 3749 ι.
1182 3646 1283 3732 uu.
1366 3609 1369 3614 ’

567 3823 703 3913 Urgent
715 3815 813 3891 aliam
826 3802 1071 3911 objectionem,
1096 3831 1161 3904 pro
1177 3800 1315 3877 subditis
1332 3797 1632 3900 presumptionem
1649 3795 1793 3876 stabilire
1815 3804 1927 3881 colen.

466 3943 539 4005 ern,
561 3943 664 4016 quarn
679 3920 714 3987 in
730 3937 798 3986 tarn
812 3913 911 4005 longo
927 3909 1066 3983 Domini
1082 3901 1317 3977 Terrirorialis
1335 3904 1558 4015 taciturnitate
1570 3920 1719 4011 ponunt,
1738 3925 1848 3997 quare
1864 3909 1926 3998 igi.

467 4045 509 4094 ιιι·
524 4044 543 4089 e
557 4009 747 4113 polleffione
760 4008 922 4082 hodierne
937 4008 977 4078 ad
992 4002 1081 4103 quusi
1095 3995 1320 4098 possellronenr
1334 4022 1368 4067 ro
1384 4004 1483 4067 Anno
1501 3995 1689 4091 decretorio
1703 3995 1923 4085 necessarium,

466 4112 674 4190 ›robobilirer
689 4107 908 4189 concludunt,
932 4105 1010 4176 hinc
1023 4100 1067 4174 ob
1082 4122 1156 4173 eam
1177 4093 1288 4167 fluam
1303 4090 1615 4191 praesumptionem,
1646 4095 1697 4166 uti
1719 4094 1797 4166 alias
1818 4100 1924 4192 Juris,

466 4205 490 4287 u
509 4213 697 4286 Dominum
710 4205 895 4279 Tertirorii
913 4224 997 4273 onus
1011 4195 1176 4297 probandi
1189 4219 1224 4265 ιιι
1239 4190 1300 4265 lite
1319 4212 1435 4262 coorto
1448 4188 1615 4285 rejiciunt.

494 4379 563 4450 Prae
579 4376 649 4442 aliia
665 4373 748 4438 banc
761 4368 944 4456 opinionem
964 4363 1160 4446 aliquatennu
1172 4358 1221 4442 pal
1245 4356 1376 4429 abilern,
1394 4355 1441 4420 nti
1458 4354 1588 4431 scimus,
1606 4355 1741 4442 priorum
1761 4358 1863 4425 tnitnu
1883 4361 1928 4429 esd

567 4456 682 4528 illustr.
697 4455 824 4525 Actor,
847 4449 902 4512 der
922 4442 1186 4538 Gesotzmafflgm
1239 4439 1456 4537 ertleidigang
1476 4458 1538 4582 ἴς
1561 4459 1582 4522 9
1605 4440 1663 4502 ‚dt
1677 4458 1745 4524 115.
1765 4443 1817 4507 ibi.
1841 4462 1929 4509 menn

568 4544 619 4609 cira
644 4534 839 4618 Cotbolisclrer
857 4526 1075 4593 Lanu-Hm
1092 4521 1237 4586 cremabis
1252 4539 1337 4603 taaag
1356 4520 1412 4593 Jus
1434 4539 1466 4583 rn
1506 4541 1567 4581 ona
1635 4521 1798 4587 clelrastica
1811 4522 1930 4607 fulcher·
2052 4567 2059 4580 .

575 4618 783 4694 Uatrrtsraam
797 4612 977 4701 ausgerus,
990 4607 1129 4696 soma
1148 4603 1194 4692 l.)
1216 4603 1268 4686 dtr
1279 4600 1503 4673 administratio
1513 4599 1673 4689 dispositio
1687 4602 1722 4670 dt
1735 4608 1928 4691 gubernatio

565 4749 567 4753 .
1821 4704 1926 4755 rerurn
