4950 5567
1096 586 1668 670 nlssuntntro
1778 661 1782 666 .

640 847 642 852 ,
749 791 809 858 pua
829 768 862 836 P.
876 767 931 837 W.
943 767 1095 852 produlia
1112 812 1121 842 ,
1140 769 1174 832 dt
1190 769 1274 852 apud
1293 766 1438 832 LEHM.
1461 764 1527 828 Lib.
1547 765 1613 829 III.
1635 765 1706 850 Cap.
1724 783 1776 830 22.
1801 765 1873 832 Vol.
1892 784 1926 848 3.
1946 787 1990 831 ex
2005 786 2106 835 nosen

613 863 617 872 '
640 853 650 874 '
749 856 925 918 notionibus
941 870 998 933 pro
1016 854 1102 914 irrita
1121 850 1262 915 habetur.
1292 847 1488 914 HENNIG.
1513 847 1576 929 ipse
1595 849 1634 909 ad
1654 849 1681 922 J.
1699 848 1731 912 P.
1751 849 1861 913 Amr.
1887 849 1932 912 V.
1952 853 1987 931 8.
2001 871 2050 933 30.
2071 853 2104 912 sa·

751 945 853 1006 tetur,
888 933 1059 1017 suspicione
1084 951 1149 994 non
1175 951 1304 1003 carere,
1340 950 1411 992 cum
1435 949 1463 991 1.
1477 930 1509 990 in
1534 930 1676 990 Archino
1709 928 1902 1012 moguntino
1921 932 2008 992 nulla
2029 933 2104 1013 hujus

751 1018 797 1080 rei
821 1013 915 1096 geliae
944 1016 1058 1078 indicia
1080 1025 1190 1076 extare
1220 1015 1373 1075 dicantur.
1395 1029 1425 1072 2.
1450 1008 1643 1072 Ferdinando
1666 1013 1697 1073 in
1715 1015 1805 1073 vivia
1840 1009 2024 1092 superstite,
2046 1033 2107 1075 nun·

752 1115 845 1179 quam
859 1095 954 1159 suerit
975 1095 1148 1178 prodnsta,
1174 1095 1225 1158 sed
1240 1095 1293 1157 diu
1311 1092 1380 1174 post
1394 1091 1463 1172 ejus
1477 1092 1611 1154 obitum.
1633 1111 1664 1171 3.
1686 1089 1774 1154 Inter
1784 1092 2047 1156 Constitutiones
2060 1095 2109 1157 iu·

752 1178 831 1261 perii
851 1178 979 1240 minime
1004 1177 1110 1240 relata.
1133 1194 1164 1257 4.
1188 1175 1410 1238 Maximinum
1433 1171 1480 1236 ll.
1495 1173 1564 1253 ejus
1580 1172 1650 1235 filio
1673 1191 1758 1234 anno
1782 1175 1877 1256 1⁵7⁶·
1890 1192 1949 1252 24.
1967 1174 2050 1248 Jonii
2062 1176 2109 1239 Rr-

752 1260 890 1323 tisbonae
912 1258 1072 1331 exhibita,
1098 1259 1196 1340 petita
1212 1256 1436 1327 confirmatio,
1459 1251 1509 1315 sed
1523 1255 1677 1334 denegata
1697 1253 1810 1327 suerit,
1835 1266 1873 1316 ut
1891 1267 1985 1337 patet
2003 1279 2047 1320 ex
2064 1258 2108 1321 Re·

752 1339 912 1402 solutione
926 1339 1063 1401 Caesarea
1077 1336 1116 1399 de
1128 1358 1178 1418 24.
1192 1338 1387 1402 Novembris
1409 1355 1437 1398 e.
1459 1354 1487 1396 a.
1507 1353 1557 1416 op.
1579 1333 1721 1397 LEHM.
1739 1337 1838 1397 modo
1854 1338 1909 1399 cit.
1930 1337 2110 1403 Contrarium

754 1421 847 1484 sentit
860 1421 898 1484 l).
912 1422 949 1483 de
961 1421 1053 1483 ME}
1058 1419 1152 1484 ERN
1176 1421 1208 1484 in
1225 1420 1314 1482 Altis
1330 1418 1363 1482 P.
1378 1415 1432 1483 W.
1450 1415 1533 1480 Patr.
1560 1415 1642 1480 Tum.
1658 1418 1690 1480 6.
1706 1414 1776 1480 Lib.
1791 1436 1844 1498 44.
1859 1427 1886 1501 ᾗ.
1903 1437 1956 1501 13.

686 1536 728 1581 ⁸*
752 1535 874 1600 Deinde
886 1536 1135 1599 iliaDorlaralio
1147 1536 1185 1597 ed
1202 1535 1352 1598 summum
1368 1533 1491 1596 ssvetet
1505 1532 1598 1597 dietis
1611 1531 1752 1595 Statibue
1764 1534 1935 1606 mediatis,
1954 1533 1990 1598 δι
2007 1539 2109 1617 quiden

758 1618 799 1682 iis
821 1617 940 1690 solum,
988 1620 1021 1680 ui
1044 1616 1096 1679 sub
1116 1617 1308 1700 Principibus
1331 1615 1506 1678 Catholicis
1530 1615 1736 1712 Ecclefiostict's
1755 1615 1901 1696 degunt,
1925 1619 2047 1699 quique
2065 1620 2110 1697 jan

758 1698 875 1760 dudum
896 1699 934 1762 A.
958 1636 993 1764 ὃ.
1014 1697 1218 1769 accesserant,
1239 1698 1302 1761 fine
1321 1699 1421 1760 turbio
1440 1716 1477 1758 ac
1496 1698 1637 1759 motibus
1648 1714 1680 1759 tn
1699 1695 1840 1780 Imperio
1859 1698 2001 1764 orituris
2019 1701 2110 1770 vixab,

759 1800 797 1844 ea
809 1779 1020 1856 abstrahendi,
1042 1782 1081 1845 de
1097 1777 1259 1846 acceliuria
1276 1778 1477 1865 postmodum
1490 1795 1556 1843 noo
1574 1778 1729 1861 loquitur.

1316 1909 1562 2050 su!

461 2133 636 2218 inPraedlia
765 2126 819 2200 Ad
833 2127 918 2200 banc
934 2124 1115 2206 Libellam,
1142 2147 1214 2221 quae
1229 2125 1410 2200 Nobilium
1423 2126 1693 2200 immediatorum
1703 2121 1851 2198 subditos
1867 2118 1943 2194 fata
1955 2127 2107 2196 maneant?

396 2301 398 2306 ,
464 2221 610 2282 Μῑίῐῑῦ
653 2223 800 2295 dimetiri
817 2228 999 2295 accuratius
1019 2226 1047 2292 ia
1063 2222 1198 2291 demum
1214 2228 1359 2318 poterit,
1385 2230 1443 2321 qui
1459 2219 1675 2321 praefatorum
1689 2222 1816 2316 jurium
1836 2217 2104 2292 filentiunrexm

464 2318 615 2362 ⁰⁰m¹¹¹¹¹''
655 2343 730 2391 turn
750 2318 864 2390 saltem
886 2326 1025 2411 analogia
1047 2316 1206 2388 disertum
1228 2315 1336 2391 facere
1362 2326 1468 2403 norit3
1496 2346 1578 2413 ego,
1602 2345 1675 2415 quae
1697 2345 1735 2390 ex
1755 2317 1877 2387 iisdem
1900 2318 2011 2398 clara,
2032 2318 2103 2394 elrrt,

350 2393 362 2402 ·
464 2381 630 2546 {2223
655 2441 728 2506 quae
744 2413 842 2487 dubia
857 2416 960 2493 mibi,
986 2412 1086 2484 dubie
1102 2438 1311 2511 proponam,
1338 2418 1555 2488 divinationes
1564 2442 1645 2487 vero
1660 2411 1937 2486 illustratioribus
1950 2413 2024 2483 aliis
2035 2413 2103 2483 teliu

465 2557 510 2608 η,
654 2538 767 2611 quant.
815 2517 927 2607 Atque
941 2513 1095 2606 inprimis
1108 2536 1319 2605 compertum
1335 2513 1398 2594 est,
1428 2515 1460 2585 dt
1480 2516 1533 2584 hic
1555 2514 1619 2584 loci
1636 2516 1773 2583 minime
1786 2511 2102 2605 pretermittendum

653 2612 779 2708 predia
791 2632 847 2679 aut
860 2607 960 2681 eastra
976 2634 994 2677 a
1009 2605 1192 2677 Nobilibus
1212 2610 1414 2681 immediatis
1436 2606 1569 2705 possessa
1591 2613 1706 2679 venire
1727 2606 1785 2678 sub
1802 2613 1943 2698 gemina
1958 2603 2066 2688 classe,
2083 2629 2102 2675 u

556 2757 558 2762 -
654 2712 787 2780 mediam
802 2704 861 2776 snt
873 2704 954 2786 alia,
978 2705 1041 2774 alia
1055 2710 1245 2784 immediata,
1259 2709 1291 2794 a)
1319 2730 1463 2798 quorum
1476 2706 1748 2800 intuituduplicis
1763 2727 1904 2798 quoque
1915 2706 2047 2794 generis
2058 2701 2104 2772 sub

554 2839 566 2858 ·
655 2804 743 2875 ditos
757 2801 953 2880 sortiantur,
979 2825 1044 2870 non
1061 2799 1196 2875 iisdem.
1219 2797 1274 2871 sed
1290 2802 1362 2872 aliia
1379 2803 1460 2871 alios
1473 2802 1604 2896 juribus
1622 2824 1763 2872 utentes.
1805 2803 1950 2869 Horum
1967 2794 2104 2872 intersest

514 2942 530 2952 ··
657 2899 847 2975 diversitas,
873 2920 971 2990 etque
987 2893 1118 2986 insignis
1134 2893 1339 2978 differentia,
1367 2898 1649 2993 quemadmodum
1666 2895 1875 2966 summorum
1893 2893 2106 2990 paciscentium

657 2995 763 3069 oculis
776 2995 934 3064 continuo
950 2993 1072 3071 illuxit,
1098 2995 1141 3062 ita
1158 3017 1246 3062 certe
1262 2997 1293 3062 in
1311 2994 1417 3086 ipsum
1436 2994 1672 3065 Pacificationis
1687 2994 1880 3083 negotium,
1909 2994 2065 3087 legesque
2078 3015 2107 3062 ea·

657 3115 802 3191 propter
825 3085 977 3159 ferendas
997 3086 1091 3157 suurn
1115 3087 1275 3158 influxum
1301 3090 1425 3164 babuit.
1474 3097 1644 3185 ernturn
1665 3093 1768 3179 igitur·
1784 3089 1823 3156 ad
1844 3087 2000 3159 subditos
2017 3087 2105 3185 predii

628 3255 632 3261 .
659 3194 785 3260 mediati
802 3186 999 3279 inquilinos,
1024 3183 1109 3253 nihil
1124 3186 1156 3253 in
1171 3210 1228 3254 eos
1246 3186 1330 3280 juris
1344 3191 1428 3257 circa
1444 3192 1539 3257 Sacra
1554 3212 1591 3256 ex
1607 3191 1640 3255 P.
1655 3190 1696 3257 R.
1714 3188 1898 3280 decerpere
1915 3182 2010 3281 posse
2026 3184 2106 3256 Nobi·

661 3285 728 3365 les,
753 3281 799 3354 sat
811 3305 925 3376 aperte
936 3280 1120 3374 loquuntur
1132 3288 1213 3352 Adia
1226 3286 1371 3375 Parioi)
1382 3307 1479 3374 arque
1495 3288 1618 3352 iterate
1627 3279 1883 3352 Protcstationes
1899 3280 2107 3358 adversusem
2123 3279 2125 3356 l

659 3382 718 3477 qni
735 3404 798 3475 pto
811 3375 956 3454 Statibus
971 3379 1109 3445 mediatis
1130 3377 1193 3447 hoc
1210 3381 1243 3446 in
1262 3402 1381 3469 genere
1399 3378 1582 3474 plusculum
1600 3378 1805 3457 ambiebant3
1834 3404 1913 3448 euna
1931 3382 2107 3449 enimNrii

660 3483 699 3549 lis
715 3474 807 3567 (ello
824 3473 933 3569 quoad
948 3474 1036 3542 luant
1053 3470 1227 3567 personam
1247 3475 1462 3567 immediatus)
1484 3478 1516 3544 in
1532 3477 1649 3546 ordine
1668 3498 1775 3545 tamen
1796 3476 1837 3545 ad
1858 3475 2031 3569 ejusmodi
2050 3499 2108 3569 pre

661 3575 753 3643 dium
770 3597 835 3642 non
850 3574 1038 3652 immediati,
1066 3568 1120 3638 sed
1135 3571 1296 3665 Landfhffii
1314 3569 1503 3646 charatlere
1519 3575 1645 3653 veniat,
1670 3597 1735 3641 non
1752 3571 1814 3640 alia
1831 3576 1956 3655 etiam,
1976 3595 2013 3642 ac
2031 3570 2108 3641 Laod·

659 3666 812 3740 saffiatica
835 3666 881 3738 ibi
908 3664 994 3737 sorte
1018 3687 1140 3737 utetur.
1158 3666 1189 3753 c)

700 3834 739 3915 a)
763 3832 902 3894 Mediam
918 3832 1001 3903 sunt,
1026 3848 1096 3910 quae
1113 3833 1142 3892 in
1157 3830 1285 3892 alterins
1300 3830 1407 3895 Status
1427 3832 1594 3895 immediati
1606 3829 1783 3895 Territotio
1800 3831 1852 3894 lita
1869 3831 1959 3904 sont,
1985 3856 2050 3898 non
2062 3853 2110 3917 gre

770 3913 918 4055 propitier
936 3913 1053 3983 solum,
1073 3912 1121 3972 sed
1139 3911 1171 3972 dt
1191 3913 1324 3986 Politice,
1349 3916 1377 3975 id
1396 3914 1457 3984 est,
1479 3916 1539 3982 ita,
1562 3925 1597 3975 ut
1613 3914 1680 3993 ejus
1702 3913 1915 3995 superioritati
1933 3914 2111 3981 Territoritli

786 3993 959 4072 objaceaut.
1002 3992 1098 4054 Notae
1113 3992 1227 4054 horum
1242 3994 1503 4058 Chatasieristicae
1518 3994 1605 4055 sunt:
1638 3993 1830 4057 st'Dotninus
1844 3993 2021 4062 Tetritoril
2042 4003 2069 4061 in
2085 3997 2109 4057 iis

771 4071 995 4153 exerceatffir
1006 4072 1183 4144 corrodendi,
1193 4075 1388 4155 lustrationis,
1398 4078 1526 4149 itineris,
1538 4074 1577 4137 sis
1590 4073 1720 4156 sequela,
1733 4077 1856 4152 ttunutir
1871 4081 1930 4153 litut
1944 4087 2000 4145 tull
2013 4076 2112 4150 &ltili

770 4154 960 4230 minicium,
980 4152 1055 4228 ,iiiiii
1071 4159 1126 4217 unu
1141 4155 1228 4233 molae
1243 4157 1387 4232 touillon.
1434 4156 1612 4219 immediata
1631 4155 1716 4228 suot,
1739 4175 1809 4236 qnae
1827 4157 1884 4219 soli
1898 4159 1933 4221 δι
1950 4166 2007 4224 uni
2031 4162 2112 4240 impe

770 4236 837 4304 tio,
850 4231 882 4295 δι
897 4234 1033 4304 Imperio
1054 4252 1138 4296 nexu
1156 4236 1329 4299 immediato
1349 4237 1488 4307 subsunt,
1511 4237 1544 4298 dt
1562 4239 1759 4318 obligantur,
1785 4238 1859 4300 licet
1871 4243 2075 4324 geographia
2092 4241 2114 4300 in

770 4313 915 4377 Statuutn
937 4312 1118 4377 Tetritoriia
1134 4315 1187 4376 lita
1202 4316 1269 4379 lint.
1334 4316 1465 4399 Signum
1487 4320 1599 4380 horum
1618 4321 1678 4389 eli,
1700 4318 1814 4382 srnibil
1833 4322 1864 4382 in
1881 4340 1988 4385 arcam
2005 4321 2116 4385 Domini

774 4393 987 4458 Territorialis
1004 4397 1220 4469 contribuant,
1244 4418 1300 4459 nec
1315 4417 1401 4463 nexu
1420 4400 1620 4480 subjetbionis
1638 4400 1738 4462 eidem
1751 4399 1808 4462 lint
1825 4403 1992 4475 obnoxia,
2013 4399 2116 4466 sedvel

776 4476 813 4536 ad
835 4474 941 4539 fiscum
962 4475 1109 4549 Caesaris,
1126 4479 1178 4539 vel
1194 4480 1229 4539 ad
1247 4480 1412 4553 circulum,
1432 4483 1464 4543 in
1488 4501 1553 4561 quo
1568 4481 1623 4543 lita
1639 4480 1727 4554 sunt,
1747 4481 1801 4545 vel
1816 4482 1854 4543 ad
1871 4483 2018 4548 ordinem
2030 4485 2119 4565 Eque·

776 4555 866 4624 liseur
871 4599 883 4636 ,
904 4558 999 4641 idque
1013 4576 1071 4623 uec
1086 4558 1198 4637 hodie,
1220 4580 1279 4627 nec
1293 4561 1379 4640 heri,
1400 4573 1456 4629 aut
1469 4565 1584 4629 nudius
1597 4565 1709 4630 tertius
1723 4564 1937 4635 contribuant
2000 4645 2037 4728 b)
2053 4642 2074 4709 p

2074 4660 2119 4706 re·
