<?xml version="1.0" encoding="UTF-8"?>
<!DOCTYPE html PUBLIC "-//W3C//DTD XHTML 1.0 Transitional//EN"
    "http://www.w3.org/TR/xhtml1/DTD/xhtml1-transitional.dtd">
<html xmlns="http://www.w3.org/1999/xhtml" xml:lang="en" lang="en">
 <head>
  <title>
</title>
<meta http-equiv="Content-Type" content="text/html;charset=utf-8" />
  <meta name='ocr-system' content='tesseract 3.04.00' />
  <meta name='ocr-capabilities' content='ocr_page ocr_carea ocr_par ocr_line ocrx_word'/>
</head>
<body>
  <div class='ocr_page' id='page_1' title='image "./thesavrvsivrise04schmgoog_0102.png"; bbox 0 0 4950 5567; ppageno 0'>
   <div class='ocr_carea' id='block_1_1' title="bbox 491 487 1861 678">
    <p class='ocr_par' dir='ltr' id='par_1_1' title="bbox 491 487 1861 678">
     <span class='ocr_line' id='line_1_1' title="bbox 491 487 1861 678; baseline -0.006 -28"><span class='ocrx_word' id='word_1_1' title='bbox 491 575 540 662; x_wconf 81' lang='lat' dir='ltr'>ac</span> <span class='ocrx_word' id='word_1_2' title='bbox 587 563 797 652; x_wconf 67' lang='lat' dir='ltr'>ursano</span> <span class='ocrx_word' id='word_1_3' title='bbox 812 487 948 666; x_wconf 24' lang='lat' dir='ltr'>*mue</span> <span class='ocrx_word' id='word_1_4' title='bbox 968 561 1175 678; x_wconf 76' lang='lat' dir='ltr'>minere.</span> <span class='ocrx_word' id='word_1_5' title='bbox 1196 557 1420 642; x_wconf 70' lang='lat' dir='ltr'>carum„</span> <span class='ocrx_word' id='word_1_6' title='bbox 1435 561 1586 642; x_wconf 80' lang='lat' dir='ltr'>cinca</span> <span class='ocrx_word' id='word_1_7' title='bbox 1609 557 1861 642; x_wconf 72' lang='lat' dir='ltr'>arcanae</span> 
     </span>
    </p>
   </div>
   <div class='ocr_carea' id='block_1_2' title="bbox 472 738 1946 1328">
    <p class='ocr_par' dir='ltr' id='par_1_2' title="bbox 472 738 1946 1328">
     <span class='ocr_line' id='line_1_2' title="bbox 496 738 1945 844; baseline 0 -25"><span class='ocrx_word' id='word_1_8' title='bbox 496 767 559 819; x_wconf 83' lang='lat' dir='ltr'>nee</span> <span class='ocrx_word' id='word_1_9' title='bbox 571 750 744 838; x_wconf 71' lang='lat' dir='ltr'>Auentinus</span> <span class='ocrx_word' id='word_1_10' title='bbox 761 746 837 843; x_wconf 86' lang='lat' dir='ltr'>plue</span> <span class='ocrx_word' id='word_1_11' title='bbox 852 743 1024 844; x_wconf 73' lang='lat' dir='ltr'>quidpiam</span> <span class='ocrx_word' id='word_1_12' title='bbox 1038 745 1221 820; x_wconf 77' lang='lat' dir='ltr'>concedere</span> <span class='ocrx_word' id='word_1_13' title='bbox 1237 741 1358 843; x_wconf 85' lang='lat' dir='ltr'>potest:</span> <span class='ocrx_word' id='word_1_14' title='bbox 1384 742 1476 841; x_wconf 91' lang='lat' dir='ltr'>quod</span> <span class='ocrx_word' id='word_1_15' title='bbox 1492 744 1582 813; x_wconf 88' lang='lat' dir='ltr'>enim</span> <span class='ocrx_word' id='word_1_16' title='bbox 1603 743 1638 814; x_wconf 89' lang='lat' dir='ltr'>in</span> <span class='ocrx_word' id='word_1_17' title='bbox 1652 738 1830 818; x_wconf 78' lang='lat' dir='ltr'>subsidium</span> <span class='ocrx_word' id='word_1_18' title='bbox 1844 769 1945 818; x_wconf 87' lang='lat' dir='ltr'>roctr</span> 
     </span>
     <span class='ocr_line' id='line_1_3' title="bbox 496 838 1945 938; baseline -0.003 -20"><span class='ocrx_word' id='word_1_19' title='bbox 496 844 579 918; x_wconf 83' lang='lat' dir='ltr'>teln</span> <span class='ocrx_word' id='word_1_20' title='bbox 589 841 665 938; x_wconf 84' lang='lat' dir='ltr'>jura</span> <span class='ocrx_word' id='word_1_21' title='bbox 684 840 890 915; x_wconf 87' lang='lat' dir='ltr'>subditorum</span> <span class='ocrx_word' id='word_1_22' title='bbox 904 848 1086 937; x_wconf 79' lang='lat' dir='ltr'>collegielia,</span> <span class='ocrx_word' id='word_1_23' title='bbox 1112 840 1233 914; x_wconf 89' lang='lat' dir='ltr'>frullra</span> <span class='ocrx_word' id='word_1_24' title='bbox 1254 841 1319 915; x_wconf 84' lang='lat' dir='ltr'>ell&#39;.</span> <span class='ocrx_word' id='word_1_25' title='bbox 1343 866 1420 914; x_wconf 87' lang='lat' dir='ltr'>com</span> <span class='ocrx_word' id='word_1_26' title='bbox 1433 840 1476 912; x_wconf 88' lang='lat' dir='ltr'>de</span> <span class='ocrx_word' id='word_1_27' title='bbox 1492 841 1553 911; x_wconf 86' lang='lat' dir='ltr'>hac</span> <span class='ocrx_word' id='word_1_28' title='bbox 1568 863 1606 912; x_wconf 94' lang='lat' dir='ltr'>re</span> <span class='ocrx_word' id='word_1_29' title='bbox 1623 838 1825 916; x_wconf 80' lang='lat' dir='ltr'>Pacisceates</span> <span class='ocrx_word' id='word_1_30' title='bbox 1838 868 1901 916; x_wconf 87' lang='lat' dir='ltr'>uec</span> <span class='ocrx_word' id='word_1_31' title='bbox 1918 847 1945 916; x_wconf 86' lang='lat' dir='ltr'>in</span> 
     </span>
     <span class='ocr_line' id='line_1_4' title="bbox 497 937 1945 1037; baseline 0 -25"><span class='ocrx_word' id='word_1_32' title='bbox 497 961 553 1012; x_wconf 89' lang='lat' dir='ltr'>ter</span> <span class='ocrx_word' id='word_1_33' title='bbox 565 941 599 1012; x_wconf 93' lang='lat' dir='ltr'>le</span> <span class='ocrx_word' id='word_1_34' title='bbox 615 963 685 1018; x_wconf 90' lang='lat' dir='ltr'>tum</span> <span class='ocrx_word' id='word_1_35' title='bbox 701 944 829 1037; x_wconf 88' lang='lat' dir='ltr'>quippe</span> <span class='ocrx_word' id='word_1_36' title='bbox 841 943 1008 1032; x_wconf 79' lang='lat' dir='ltr'>incognita</span> <span class='ocrx_word' id='word_1_37' title='bbox 1022 943 1168 1034; x_wconf 72' lang='lat' dir='ltr'>egerint,</span> <span class='ocrx_word' id='word_1_38' title='bbox 1195 965 1254 1012; x_wconf 88' lang='lat' dir='ltr'>nec</span> <span class='ocrx_word' id='word_1_39' title='bbox 1269 937 1485 1010; x_wconf 84' lang='lat' dir='ltr'>instrumento</span> <span class='ocrx_word' id='word_1_40' title='bbox 1508 939 1600 1007; x_wconf 83' lang='lat' dir='ltr'>Pocit</span> <span class='ocrx_word' id='word_1_41' title='bbox 1620 941 1800 1034; x_wconf 90' lang='lat' dir='ltr'>quicquam</span> <span class='ocrx_word' id='word_1_42' title='bbox 1822 939 1945 1012; x_wconf 85' lang='lat' dir='ltr'>inleruc</span> 
     </span>
     <span class='ocr_line' id='line_1_5' title="bbox 472 1033 1945 1134; baseline -0.002 -24"><span class='ocrx_word' id='word_1_43' title='bbox 472 1125 474 1130; x_wconf 23' lang='grc' dir='ltr'>Ι</span> <span class='ocrx_word' id='word_1_44' title='bbox 499 1039 584 1110; x_wconf 77' lang='lat' dir='ltr'>tint:</span> <span class='ocrx_word' id='word_1_45' title='bbox 613 1033 635 1106; x_wconf 88' lang='lat' dir='ltr'>li</span> <span class='ocrx_word' id='word_1_46' title='bbox 644 1060 737 1112; x_wconf 71' lang='lat' dir='ltr'>verm</span> <span class='ocrx_word' id='word_1_47' title='bbox 764 1038 814 1108; x_wconf 83' lang='lat' dir='ltr'>uti</span> <span class='ocrx_word' id='word_1_48' title='bbox 829 1033 941 1133; x_wconf 79' lang='lat' dir='ltr'>pollet</span> <span class='ocrx_word' id='word_1_49' title='bbox 961 1033 1056 1118; x_wconf 77' lang='lat' dir='ltr'>feeit,</span> <span class='ocrx_word' id='word_1_50' title='bbox 1083 1038 1124 1108; x_wconf 92' lang='lat' dir='ltr'>ad</span> <span class='ocrx_word' id='word_1_51' title='bbox 1140 1033 1236 1133; x_wconf 70' lang='lat' dir='ltr'>palla</span> <span class='ocrx_word' id='word_1_52' title='bbox 1251 1039 1288 1109; x_wconf 86' lang='lat' dir='ltr'>P.</span> <span class='ocrx_word' id='word_1_53' title='bbox 1295 1042 1350 1108; x_wconf 87' lang='lat' dir='ltr'>W.</span> <span class='ocrx_word' id='word_1_54' title='bbox 1367 1033 1549 1130; x_wconf 88' lang='lat' dir='ltr'>posteriora</span> <span class='ocrx_word' id='word_1_55' title='bbox 1562 1058 1740 1130; x_wconf 83' lang='lat' dir='ltr'>provocat,</span> <span class='ocrx_word' id='word_1_56' title='bbox 1758 1059 1830 1106; x_wconf 90' lang='lat' dir='ltr'>tum</span> <span class='ocrx_word' id='word_1_57' title='bbox 1847 1038 1882 1106; x_wconf 90' lang='lat' dir='ltr'>id</span> <span class='ocrx_word' id='word_1_58' title='bbox 1898 1039 1945 1134; x_wconf 84' lang='lat' dir='ltr'>lpt</span> 
     </span>
     <span class='ocr_line' id='line_1_6' title="bbox 497 1126 1945 1228; baseline 0 -24"><span class='ocrx_word' id='word_1_59' title='bbox 497 1132 583 1205; x_wconf 82' lang='lat' dir='ltr'>ciale</span> <span class='ocrx_word' id='word_1_60' title='bbox 598 1131 679 1228; x_wconf 88' lang='lat' dir='ltr'>quid</span> <span class='ocrx_word' id='word_1_61' title='bbox 694 1129 757 1214; x_wconf 82' lang='lat' dir='ltr'>eil,</span> <span class='ocrx_word' id='word_1_62' title='bbox 784 1135 838 1205; x_wconf 80' lang='lat' dir='ltr'>liic</span> <span class='ocrx_word' id='word_1_63' title='bbox 857 1132 924 1204; x_wconf 90' lang='lat' dir='ltr'>loci</span> <span class='ocrx_word' id='word_1_64' title='bbox 944 1126 1046 1204; x_wconf 70' lang='lat' dir='ltr'>mina</span> <span class='ocrx_word' id='word_1_65' title='bbox 1068 1157 1133 1205; x_wconf 93' lang='lat' dir='ltr'>non</span> <span class='ocrx_word' id='word_1_66' title='bbox 1150 1134 1414 1205; x_wconf 78' lang='lat' dir='ltr'>examinandum.</span> <span class='ocrx_word' id='word_1_67' title='bbox 1462 1128 1517 1201; x_wconf 78' lang='lat' dir='ltr'>Ad</span> <span class='ocrx_word' id='word_1_68' title='bbox 1542 1145 1584 1213; x_wconf 84' lang='lat'>2)</span> <span class='ocrx_word' id='word_1_69' title='bbox 1608 1135 1763 1201; x_wconf 83' lang='lat' dir='ltr'>Dominis</span> <span class='ocrx_word' id='word_1_70' title='bbox 1778 1138 1945 1206; x_wconf 84' lang='lat' dir='ltr'>territoria</span> 
     </span>
     <span class='ocr_line' id='line_1_7' title="bbox 497 1224 1946 1328; baseline 0.003 -30"><span class='ocrx_word' id='word_1_71' title='bbox 497 1227 586 1299; x_wconf 75' lang='lat' dir='ltr'>lilius</span> <span class='ocrx_word' id='word_1_72' title='bbox 600 1233 725 1324; x_wconf 82' lang='lat' dir='ltr'>apertis</span> <span class='ocrx_word' id='word_1_73' title='bbox 740 1227 850 1301; x_wconf 77' lang='lat' dir='ltr'>verbis</span> <span class='ocrx_word' id='word_1_74' title='bbox 864 1233 926 1327; x_wconf 83' lang='lat' dir='ltr'>Jut</span> <span class='ocrx_word' id='word_1_75' title='bbox 941 1226 1158 1301; x_wconf 87' lang='lat' dir='ltr'>Reformandi</span> <span class='ocrx_word' id='word_1_76' title='bbox 1172 1227 1358 1302; x_wconf 81' lang='lat' dir='ltr'>concellum</span> <span class='ocrx_word' id='word_1_77' title='bbox 1374 1224 1458 1308; x_wconf 82' lang='lat' dir='ltr'>fuir,</span> <span class='ocrx_word' id='word_1_78' title='bbox 1484 1249 1584 1320; x_wconf 84' lang='lat' dir='ltr'>atque</span> <span class='ocrx_word' id='word_1_79' title='bbox 1602 1225 1781 1298; x_wconf 89' lang='lat' dir='ltr'>llabilitum</span> <span class='ocrx_word' id='word_1_80' title='bbox 1803 1230 1909 1328; x_wconf 87' lang='lat' dir='ltr'>idque</span> <span class='ocrx_word' id='word_1_81' title='bbox 1928 1255 1946 1302; x_wconf 90' lang='lat' dir='ltr'>e</span> 
     </span>
    </p>
   </div>
   <div class='ocr_carea' id='block_1_3' title="bbox 496 1321 1945 1422">
    <p class='ocr_par' dir='ltr' id='par_1_3' title="bbox 496 1321 1945 1422">
     <span class='ocr_line' id='line_1_8' title="bbox 496 1321 1945 1422; baseline 0 -24"><span class='ocrx_word' id='word_1_82' title='bbox 496 1322 620 1406; x_wconf 77' lang='lat' dir='ltr'>ufitata</span> <span class='ocrx_word' id='word_1_83' title='bbox 634 1321 794 1397; x_wconf 72' lang='lat' dir='ltr'>haEleuua</span> <span class='ocrx_word' id='word_1_84' title='bbox 815 1330 927 1421; x_wconf 78' lang='lat' dir='ltr'>prexi3</span> <span class='ocrx_word' id='word_1_85' title='bbox 952 1325 1125 1422; x_wconf 87' lang='lat' dir='ltr'>quousque</span> <span class='ocrx_word' id='word_1_86' title='bbox 1146 1330 1156 1398; x_wconf 95' lang='lat' dir='ltr'>i</span> <span class='ocrx_word' id='word_1_87' title='bbox 1196 1349 1275 1397; x_wconf 84' lang='lat' dir='ltr'>amet</span> <span class='ocrx_word' id='word_1_88' title='bbox 1292 1321 1509 1398; x_wconf 87' lang='lat' dir='ltr'>Protellantes</span> <span class='ocrx_word' id='word_1_89' title='bbox 1522 1323 1604 1394; x_wconf 91' lang='lat' dir='ltr'>illud</span> <span class='ocrx_word' id='word_1_90' title='bbox 1617 1323 1842 1408; x_wconf 79' lang='lat' dir='ltr'>extenderint,</span> <span class='ocrx_word' id='word_1_91' title='bbox 1865 1327 1945 1400; x_wconf 82' lang='lat' dir='ltr'>ebul</span> 
     </span>
    </p>
   </div>
   <div class='ocr_carea' id='block_1_4' title="bbox 491 1326 1945 2115">
    <p class='ocr_par' dir='ltr' id='par_1_4' title="bbox 491 1326 1945 2115">
     <span class='ocr_line' id='line_1_9' title="bbox 496 1326 1945 1516; baseline 0.002 -23"><span class='ocrx_word' id='word_1_92' title='bbox 496 1439 532 1493; x_wconf 83' lang='lat' dir='ltr'>ea</span> <span class='ocrx_word' id='word_1_93' title='bbox 546 1443 596 1493; x_wconf 90' lang='lat' dir='ltr'>tot</span> <span class='ocrx_word' id='word_1_94' title='bbox 611 1422 695 1494; x_wconf 88' lang='lat' dir='ltr'>locit</span> <span class='ocrx_word' id='word_1_95' title='bbox 708 1422 844 1516; x_wconf 79' lang='lat' dir='ltr'>Religio</span> <span class='ocrx_word' id='word_1_96' title='bbox 859 1423 1049 1509; x_wconf 88' lang='lat' dir='ltr'>Catholiea,</span> <span class='ocrx_word' id='word_1_97' title='bbox 1074 1326 1208 1496; x_wconf 46' lang='lat' dir='ltr'>induat</span> <span class='ocrx_word' id='word_1_98' title='bbox 1228 1446 1330 1503; x_wconf 86' lang='lat' dir='ltr'>nota,</span> <span class='ocrx_word' id='word_1_99' title='bbox 1357 1444 1470 1516; x_wconf 86' lang='lat' dir='ltr'>erepta</span> <span class='ocrx_word' id='word_1_100' title='bbox 1491 1417 1594 1502; x_wconf 86' lang='lat' dir='ltr'>bona,</span> <span class='ocrx_word' id='word_1_101' title='bbox 1613 1415 1841 1496; x_wconf 75' lang='lat' dir='ltr'>ordinationes</span> <span class='ocrx_word' id='word_1_102' title='bbox 1856 1423 1945 1496; x_wconf 84' lang='lat' dir='ltr'>Ecelt</span> 
     </span>
     <span class='ocr_line' id='line_1_10' title="bbox 496 1513 1945 1635; baseline 0.001 -45"><span class='ocrx_word' id='word_1_103' title='bbox 496 1513 656 1632; x_wconf 59' lang='lat' dir='ltr'>mellique,</span> <span class='ocrx_word' id='word_1_104' title='bbox 679 1517 842 1617; x_wconf 87' lang='lat' dir='ltr'>pluraque</span> <span class='ocrx_word' id='word_1_105' title='bbox 863 1518 925 1631; x_wconf 76' lang='lat' dir='ltr'>alia</span> <span class='ocrx_word' id='word_1_106' title='bbox 947 1519 1020 1592; x_wconf 87' lang='lat' dir='ltr'>luce</span> <span class='ocrx_word' id='word_1_107' title='bbox 1040 1520 1160 1634; x_wconf 69' lang='lat' dir='ltr'>clarino</span> <span class='ocrx_word' id='word_1_108' title='bbox 1184 1518 1339 1631; x_wconf 77' lang='lat' dir='ltr'>probant.</span> <span class='ocrx_word' id='word_1_109' title='bbox 1390 1514 1490 1612; x_wconf 77' lang='lat' dir='ltr'>Quod</span> <span class='ocrx_word' id='word_1_110' title='bbox 1515 1515 1558 1587; x_wconf 88' lang='lat' dir='ltr'>de</span> <span class='ocrx_word' id='word_1_111' title='bbox 1578 1513 1749 1614; x_wconf 84' lang='lat' dir='ltr'>Episcopls</span> <span class='ocrx_word' id='word_1_112' title='bbox 1769 1515 1945 1635; x_wconf 29' lang='lat' dir='ltr'>hiotfrullr</span> 
     </span>
     <span class='ocr_line' id='line_1_11' title="bbox 495 1610 1945 1806; baseline 0.001 -21"><span class='ocrx_word' id='word_1_113' title='bbox 495 1610 1945 1806; x_wconf 48' lang='lat' dir='ltr'>lllldlllla‘llllrlllill&#39;{²:llilllllilll‘llli&amp;illiniti</span> 
     </span>
     <span class='ocr_line' id='line_1_12' title="bbox 491 1805 1945 1905; baseline 0.002 -26"><span class='ocrx_word' id='word_1_114' title='bbox 491 1805 674 1901; x_wconf 65' lang='lat' dir='ltr'>finierunt</span> <span class='ocrx_word' id='word_1_115' title='bbox 693 1831 728 1881; x_wconf 91' lang='lat' dir='ltr'>et</span> <span class='ocrx_word' id='word_1_116' title='bbox 743 1814 946 1904; x_wconf 72' lang='lat' dir='ltr'>coleglalittm</span> <span class='ocrx_word' id='word_1_117' title='bbox 962 1812 996 1881; x_wconf 89' lang='lat' dir='ltr'>in</span> <span class='ocrx_word' id='word_1_118' title='bbox 1011 1809 1182 1905; x_wconf 86' lang='lat' dir='ltr'>systemate</span> <span class='ocrx_word' id='word_1_119' title='bbox 1198 1809 1362 1881; x_wconf 89' lang='lat' dir='ltr'>hodierno</span> <span class='ocrx_word' id='word_1_120' title='bbox 1385 1811 1538 1898; x_wconf 78' lang='lat' dir='ltr'>Collegialt</span> <span class='ocrx_word' id='word_1_121' title='bbox 1555 1805 1680 1876; x_wconf 80' lang='lat' dir='ltr'>anobis</span> <span class='ocrx_word' id='word_1_122' title='bbox 1701 1807 1837 1904; x_wconf 86' lang='lat' dir='ltr'>insuper</span> <span class='ocrx_word' id='word_1_123' title='bbox 1850 1809 1945 1882; x_wconf 82' lang='lat' dir='ltr'>habet</span> 
     </span>
     <span class='ocr_line' id='line_1_13' title="bbox 498 1900 1945 2003; baseline 0.002 -27"><span class='ocrx_word' id='word_1_124' title='bbox 498 1904 598 1976; x_wconf 76' lang='lat' dir='ltr'>totio·</span> <span class='ocrx_word' id='word_1_125' title='bbox 610 1903 679 2001; x_wconf 76' lang='lat' dir='ltr'>jem</span> <span class='ocrx_word' id='word_1_126' title='bbox 692 1901 820 1979; x_wconf 75' lang='lat' dir='ltr'>distum</span> <span class='ocrx_word' id='word_1_127' title='bbox 836 1902 892 1978; x_wconf 87' lang='lat' dir='ltr'>est.</span> <span class='ocrx_word' id='word_1_128' title='bbox 943 1908 997 1978; x_wconf 78' lang='lat' dir='ltr'>ad</span> <span class='ocrx_word' id='word_1_129' title='bbox 1023 1913 1062 1999; x_wconf 90' lang='lat'>3)</span> <span class='ocrx_word' id='word_1_130' title='bbox 1089 1906 1191 2003; x_wconf 75' lang='lat' dir='ltr'>Quod</span> <span class='ocrx_word' id='word_1_131' title='bbox 1206 1907 1407 1984; x_wconf 86' lang='lat' dir='ltr'>hicdrcitur,</span> <span class='ocrx_word' id='word_1_132' title='bbox 1431 1900 1642 1999; x_wconf 80' lang='lat' dir='ltr'>responfione</span> <span class='ocrx_word' id='word_1_133' title='bbox 1657 1901 1888 1978; x_wconf 79' lang='lat' dir='ltr'>adnumerum</span> <span class='ocrx_word' id='word_1_134' title='bbox 1902 1929 1945 2003; x_wconf 82' lang='lat' dir='ltr'>pr</span> 
     </span>
     <span class='ocr_line' id='line_1_14' title="bbox 497 1995 1945 2115; baseline 0.001 -42"><span class='ocrx_word' id='word_1_135' title='bbox 497 2023 593 2073; x_wconf 86' lang='lat' dir='ltr'>mum</span> <span class='ocrx_word' id='word_1_136' title='bbox 608 2000 709 2115; x_wconf 83' lang='lat' dir='ltr'>peulo</span> <span class='ocrx_word' id='word_1_137' title='bbox 726 2025 802 2075; x_wconf 87' lang='lat' dir='ltr'>anre</span> <span class='ocrx_word' id='word_1_138' title='bbox 816 2002 890 2073; x_wconf 86' lang='lat' dir='ltr'>date</span> <span class='ocrx_word' id='word_1_139' title='bbox 902 2001 971 2097; x_wconf 87' lang='lat' dir='ltr'>jam</span> <span class='ocrx_word' id='word_1_140' title='bbox 984 2027 1184 2100; x_wconf 89' lang='lat' dir='ltr'>occupatum</span> <span class='ocrx_word' id='word_1_141' title='bbox 1199 2001 1254 2074; x_wconf 87' lang='lat' dir='ltr'>cll.</span> <span class='ocrx_word' id='word_1_142' title='bbox 1304 1999 1359 2072; x_wconf 83' lang='lat' dir='ltr'>Ad</span> <span class='ocrx_word' id='word_1_143' title='bbox 1374 1995 1417 2094; x_wconf 87' lang='lat'>4)</span> <span class='ocrx_word' id='word_1_144' title='bbox 1429 1999 1518 2095; x_wconf 92' lang='lat' dir='ltr'>quod</span> <span class='ocrx_word' id='word_1_145' title='bbox 1541 1995 1645 2070; x_wconf 88' lang='lat' dir='ltr'>refert</span> <span class='ocrx_word' id='word_1_146' title='bbox 1660 2009 1832 2092; x_wconf 78' lang='lat' dir='ltr'>Anonyttus</span> <span class='ocrx_word' id='word_1_147' title='bbox 1850 1999 1912 2075; x_wconf 85' lang='lat' dir='ltr'>sub</span> <span class='ocrx_word' id='word_1_148' title='bbox 1934 2001 1945 2074; x_wconf 93' lang='lat' dir='ltr'>l</span> 
     </span>
    </p>
   </div>
   <div class='ocr_carea' id='block_1_5' title="bbox 422 2091 1945 3158">
    <p class='ocr_par' dir='ltr' id='par_1_5' title="bbox 499 2091 1945 2198">
     <span class='ocr_line' id='line_1_15' title="bbox 499 2091 1945 2198; baseline 0.002 -28"><span class='ocrx_word' id='word_1_149' title='bbox 499 2119 577 2170; x_wconf 75' lang='lat' dir='ltr'>uem</span> <span class='ocrx_word' id='word_1_150' title='bbox 592 2120 648 2169; x_wconf 85' lang='lat' dir='ltr'>ern</span> <span class='ocrx_word' id='word_1_151' title='bbox 661 2103 691 2188; x_wconf 88' lang='lat'>§.</span> <span class='ocrx_word' id='word_1_152' title='bbox 706 2097 847 2181; x_wconf 74' lang='lat' dir='ltr'>dicitur,</span> <span class='ocrx_word' id='word_1_153' title='bbox 872 2095 927 2170; x_wconf 89' lang='lat' dir='ltr'>led</span> <span class='ocrx_word' id='word_1_154' title='bbox 943 2095 1117 2196; x_wconf 86' lang='lat' dir='ltr'>postquam</span> <span class='ocrx_word' id='word_1_155' title='bbox 1131 2103 1193 2194; x_wconf 82' lang='lat' dir='ltr'>Jua</span> <span class='ocrx_word' id='word_1_156' title='bbox 1212 2091 1430 2170; x_wconf 86' lang='lat' dir='ltr'>Reformondi</span> <span class='ocrx_word' id='word_1_157' title='bbox 1445 2092 1622 2166; x_wconf 80' lang='lat' dir='ltr'>univerfim</span> <span class='ocrx_word' id='word_1_158' title='bbox 1642 2097 1786 2170; x_wconf 83' lang='lat' dir='ltr'>Statibua</span> <span class='ocrx_word' id='word_1_159' title='bbox 1801 2121 1945 2198; x_wconf 81' lang='lat' dir='ltr'>compen</span> 
     </span>
    </p>

    <p class='ocr_par' dir='ltr' id='par_1_6' title="bbox 422 2185 1945 2778">
     <span class='ocr_line' id='line_1_16' title="bbox 422 2190 1945 2366; baseline 0.003 -4"><span class='ocrx_word' id='word_1_160' title='bbox 422 2311 434 2334; x_wconf 86' lang='lat'>.</span> <span class='ocrx_word' id='word_1_161' title='bbox 926 2195 997 2361; x_wconf 71' lang='lat' dir='ltr'>cr</span> <span class='ocrx_word' id='word_1_162' title='bbox 1011 2198 1123 2362; x_wconf 70' lang='lat' dir='ltr'>ul</span> <span class='ocrx_word' id='word_1_163' title='bbox 1353 2190 1715 2360; x_wconf 54' lang='lat' dir='ltr'>lmnmu</span> <span class='ocrx_word' id='word_1_164' title='bbox 1731 2185 1945 2366; x_wconf 65' lang='lat' dir='ltr'>uro</span> 
     </span>
     <span class='ocr_line' id='line_1_17' title="bbox 499 2313 1945 2485; baseline 0.003 -28"><span class='ocrx_word' id='word_1_165' title='bbox 499 2313 796 2472; x_wconf 53' lang='grc' dir='ltr'>ἢὶοιῦωιῗτιφίαξὲου,</span> <span class='ocrx_word' id='word_1_166' title='bbox 807 2315 893 2485; x_wconf 50' lang='lat' dir='ltr'>tidie</span> <span class='ocrx_word' id='word_1_167' title='bbox 902 2313 1371 2462; x_wconf 51' lang='lat' dir='ltr'>ltiutlemtreniiielag}imilla[itntrho&#39;e</span> <span class='ocrx_word' id='word_1_168' title='bbox 1381 2313 1547 2458; x_wconf 84' lang='lat' dir='ltr'>Jexercitio¹</span> <span class='ocrx_word' id='word_1_169' title='bbox 1557 2315 1797 2481; x_wconf 57' lang='lat' dir='ltr'>superitiiiiieii</span> <span class='ocrx_word' id='word_1_170' title='bbox 1813 2317 1945 2462; x_wconf 48' lang='lat' dir='ltr'>suite:</span> 
     </span>
     <span class='ocr_line' id='line_1_18' title="bbox 500 2478 1945 2582; baseline 0.002 -27"><span class='ocrx_word' id='word_1_171' title='bbox 500 2478 579 2564; x_wconf 80' lang='lat' dir='ltr'>bet,</span> <span class='ocrx_word' id='word_1_172' title='bbox 603 2505 703 2580; x_wconf 87' lang='lat' dir='ltr'>etque</span> <span class='ocrx_word' id='word_1_173' title='bbox 717 2489 763 2558; x_wconf 88' lang='lat' dir='ltr'>ita</span> <span class='ocrx_word' id='word_1_174' title='bbox 777 2485 924 2558; x_wconf 86' lang='lat' dir='ltr'>inverba</span> <span class='ocrx_word' id='word_1_175' title='bbox 945 2491 976 2579; x_wconf 88' lang='lat'>§.</span> <span class='ocrx_word' id='word_1_176' title='bbox 993 2488 1050 2557; x_wconf 91' lang='lat' dir='ltr'>cit.</span> <span class='ocrx_word' id='word_1_177' title='bbox 1065 2487 1242 2582; x_wconf 81' lang='lat' dir='ltr'>impinget.</span> <span class='ocrx_word' id='word_1_178' title='bbox 1285 2486 1426 2556; x_wconf 81' lang='lat' dir='ltr'>Axioma</span> <span class='ocrx_word' id='word_1_179' title='bbox 1439 2482 1522 2554; x_wconf 91' lang='lat' dir='ltr'>illud</span> <span class='ocrx_word' id='word_1_180' title='bbox 1543 2482 1711 2578; x_wconf 87' lang='lat' dir='ltr'>quondam</span> <span class='ocrx_word' id='word_1_181' title='bbox 1729 2488 1764 2556; x_wconf 92' lang='lat' dir='ltr'>in</span> <span class='ocrx_word' id='word_1_182' title='bbox 1784 2511 1847 2560; x_wconf 86' lang='lat' dir='ltr'>ore</span> <span class='ocrx_word' id='word_1_183' title='bbox 1861 2491 1945 2558; x_wconf 84' lang='lat' dir='ltr'>Pron</span> 
     </span>
     <span class='ocr_line' id='line_1_19' title="bbox 500 2575 1945 2675; baseline 0.003 -25"><span class='ocrx_word' id='word_1_184' title='bbox 500 2575 656 2652; x_wconf 76' lang='lat' dir='ltr'>litorium</span> <span class='ocrx_word' id='word_1_185' title='bbox 668 2580 944 2655; x_wconf 85' lang='lat' dir='ltr'>celeberrimum:</span> <span class='ocrx_word' id='word_1_186' title='bbox 966 2587 1049 2672; x_wconf 73' lang='lat' dir='ltr'>cajet</span> <span class='ocrx_word' id='word_1_187' title='bbox 1071 2583 1113 2668; x_wconf 68' lang='lat' dir='ltr'>etl</span> <span class='ocrx_word' id='word_1_188' title='bbox 1126 2607 1223 2675; x_wconf 76' lang='lat' dir='ltr'>tegle,</span> <span class='ocrx_word' id='word_1_189' title='bbox 1247 2585 1326 2652; x_wconf 81' lang='lat' dir='ltr'>illius</span> <span class='ocrx_word' id='word_1_190' title='bbox 1346 2580 1388 2669; x_wconf 83' lang='lat' dir='ltr'>esl</span> <span class='ocrx_word' id='word_1_191' title='bbox 1406 2583 1543 2674; x_wconf 75' lang='lat' dir='ltr'>Religio,</span> <span class='ocrx_word' id='word_1_192' title='bbox 1575 2579 1638 2650; x_wconf 86' lang='lat' dir='ltr'>hoc</span> <span class='ocrx_word' id='word_1_193' title='bbox 1660 2575 1752 2654; x_wconf 88' lang='lat' dir='ltr'>sensu</span> <span class='ocrx_word' id='word_1_194' title='bbox 1773 2579 1945 2655; x_wconf 83' lang='lat' dir='ltr'>fallillimul</span> 
     </span>
     <span class='ocr_line' id='line_1_20' title="bbox 500 2671 1945 2778; baseline 0.003 -29"><span class='ocrx_word' id='word_1_195' title='bbox 500 2671 567 2749; x_wconf 82' lang='lat' dir='ltr'>effe</span> <span class='ocrx_word' id='word_1_196' title='bbox 579 2679 688 2775; x_wconf 86' lang='lat' dir='ltr'>inquit</span> <span class='ocrx_word' id='word_1_197' title='bbox 700 2688 895 2771; x_wconf 61' lang='lat' dir='ltr'>Anninus,</span> <span class='ocrx_word' id='word_1_198' title='bbox 953 2677 1023 2749; x_wconf 90' lang='lat' dir='ltr'>uod</span> <span class='ocrx_word' id='word_1_199' title='bbox 1041 2680 1196 2774; x_wconf 74' lang='lat' dir='ltr'>Princeps</span> <span class='ocrx_word' id='word_1_200' title='bbox 1217 2677 1339 2749; x_wconf 83' lang='lat' dir='ltr'>intuitu</span> <span class='ocrx_word' id='word_1_201' title='bbox 1356 2676 1539 2768; x_wconf 77' lang='lat' dir='ltr'>Religionis</span> <span class='ocrx_word' id='word_1_202' title='bbox 1554 2672 1709 2758; x_wconf 82' lang='lat' dir='ltr'>subditis,</span> <span class='ocrx_word' id='word_1_203' title='bbox 1735 2679 1902 2778; x_wconf 88' lang='lat' dir='ltr'>quidquid</span> <span class='ocrx_word' id='word_1_204' title='bbox 1915 2683 1945 2778; x_wconf 81' lang='lat' dir='ltr'>ip</span> 
     </span>
    </p>

    <p class='ocr_par' dir='ltr' id='par_1_7' title="bbox 473 2771 1945 3061">
     <span class='ocr_line' id='line_1_21' title="bbox 473 2771 1943 2890; baseline 0.003 -45"><span class='ocrx_word' id='word_1_205' title='bbox 473 2862 475 2866; x_wconf 23' lang='grc' dir='ltr'>Ι</span> <span class='ocrx_word' id='word_1_206' title='bbox 500 2772 651 2872; x_wconf 76' lang='lat' dir='ltr'>placent,</span> <span class='ocrx_word' id='word_1_207' title='bbox 673 2781 869 2890; x_wconf 71' lang='lat' dir='ltr'>praecipere</span> <span class='ocrx_word' id='word_1_208' title='bbox 887 2799 933 2871; x_wconf 90' lang='lat' dir='ltr'>po</span> <span class='ocrx_word' id='word_1_209' title='bbox 958 2797 995 2845; x_wconf 89' lang='lat' dir='ltr'>tt.</span> <span class='ocrx_word' id='word_1_210' title='bbox 1054 2779 1138 2843; x_wconf 92' lang='lat' dir='ltr'>Non</span> <span class='ocrx_word' id='word_1_211' title='bbox 1158 2773 1315 2868; x_wconf 88' lang='lat' dir='ltr'>equidem</span> <span class='ocrx_word' id='word_1_212' title='bbox 1335 2771 1390 2843; x_wconf 84' lang='lat' dir='ltr'>hic</span> <span class='ocrx_word' id='word_1_213' title='bbox 1405 2772 1575 2869; x_wconf 78' lang='lat' dir='ltr'>disquiro,</span> <span class='ocrx_word' id='word_1_214' title='bbox 1605 2773 1686 2867; x_wconf 90' lang='lat' dir='ltr'>quid</span> <span class='ocrx_word' id='word_1_215' title='bbox 1703 2775 1745 2848; x_wconf 89' lang='lat' dir='ltr'>de</span> <span class='ocrx_word' id='word_1_216' title='bbox 1759 2778 1820 2848; x_wconf 82' lang='lat' dir='ltr'>hoc</span> <span class='ocrx_word' id='word_1_217' title='bbox 1833 2781 1943 2864; x_wconf 78' lang='lat' dir='ltr'>ulum</span> 
     </span>
     <span class='ocr_line' id='line_1_22' title="bbox 502 2867 1945 2965; baseline 0.006 -25"><span class='ocrx_word' id='word_1_218' title='bbox 502 2873 547 2940; x_wconf 86' lang='lat' dir='ltr'>tia</span> <span class='ocrx_word' id='word_1_219' title='bbox 559 2870 661 2962; x_wconf 83' lang='lat' dir='ltr'>hujaa</span> <span class='ocrx_word' id='word_1_220' title='bbox 677 2871 952 2965; x_wconf 71' lang='lat' dir='ltr'>interpretatione</span> <span class='ocrx_word' id='word_1_221' title='bbox 965 2873 1149 2961; x_wconf 79' lang='lat' dir='ltr'>generatim</span> <span class='ocrx_word' id='word_1_222' title='bbox 1165 2867 1363 2942; x_wconf 87' lang='lat' dir='ltr'>censendum</span> <span class='ocrx_word' id='word_1_223' title='bbox 1382 2867 1442 2954; x_wconf 70' lang='grc' dir='ltr'>ὕες</span> <span class='ocrx_word' id='word_1_224' title='bbox 1481 2870 1605 2941; x_wconf 89' lang='lat' dir='ltr'>atenim</span> <span class='ocrx_word' id='word_1_225' title='bbox 1625 2874 1682 2965; x_wconf 91' lang='lat' dir='ltr'>qui</span> <span class='ocrx_word' id='word_1_226' title='bbox 1707 2896 1794 2944; x_wconf 90' lang='lat' dir='ltr'>nunc</span> <span class='ocrx_word' id='word_1_227' title='bbox 1816 2867 1945 2948; x_wconf 77' lang='lat' dir='ltr'>defend</span> 
     </span>
     <span class='ocr_line' id='line_1_23' title="bbox 501 2960 1945 3061; baseline 0.003 -23"><span class='ocrx_word' id='word_1_228' title='bbox 501 2973 678 3053; x_wconf 75' lang='lat' dir='ltr'>Anmymtts</span> <span class='ocrx_word' id='word_1_229' title='bbox 692 2968 884 3061; x_wconf 87' lang='lat' dir='ltr'>Principum</span> <span class='ocrx_word' id='word_1_230' title='bbox 897 2965 1153 3038; x_wconf 85' lang='lat' dir='ltr'>Protellantium</span> <span class='ocrx_word' id='word_1_231' title='bbox 1170 2960 1257 3037; x_wconf 70' lang='lat' dir='ltr'>fedla</span> <span class='ocrx_word' id='word_1_232' title='bbox 1271 2964 1445 3060; x_wconf 88' lang='lat' dir='ltr'>complura</span> <span class='ocrx_word' id='word_1_233' title='bbox 1460 2963 1518 3037; x_wconf 86' lang='lat' dir='ltr'>sub</span> <span class='ocrx_word' id='word_1_234' title='bbox 1534 2989 1687 3061; x_wconf 87' lang='lat' dir='ltr'>tempora</span> <span class='ocrx_word' id='word_1_235' title='bbox 1701 2965 1945 3042; x_wconf 82' lang='lat' dir='ltr'>Resormacioui</span> 
     </span>
    </p>

    <p class='ocr_par' dir='ltr' id='par_1_8' title="bbox 502 3056 1945 3158">
     <span class='ocr_line' id='line_1_24' title="bbox 502 3056 1945 3158; baseline 0.006 -28"><span class='ocrx_word' id='word_1_236' title='bbox 502 3061 554 3130; x_wconf 87' lang='lat' dir='ltr'>uti</span> <span class='ocrx_word' id='word_1_237' title='bbox 569 3056 649 3130; x_wconf 88' lang='lat' dir='ltr'>dum</span> <span class='ocrx_word' id='word_1_238' title='bbox 667 3059 834 3134; x_wconf 86' lang='lat' dir='ltr'>eliminata</span> <span class='ocrx_word' id='word_1_239' title='bbox 850 3061 1025 3155; x_wconf 81' lang='lat' dir='ltr'>Religionc</span> <span class='ocrx_word' id='word_1_240' title='bbox 1046 3062 1217 3135; x_wconf 86' lang='lat' dir='ltr'>Catholica</span> <span class='ocrx_word' id='word_1_241' title='bbox 1234 3059 1500 3135; x_wconf 84' lang='lat' dir='ltr'>Protellanticam</span> <span class='ocrx_word' id='word_1_242' title='bbox 1520 3061 1672 3158; x_wconf 71' lang='lat' dir='ltr'>adoptari</span> <span class='ocrx_word' id='word_1_243' title='bbox 1692 3067 1802 3137; x_wconf 82' lang='lat' dir='ltr'>modia</span> <span class='ocrx_word' id='word_1_244' title='bbox 1818 3065 1945 3140; x_wconf 74' lang='lat' dir='ltr'>omnibu</span> 
     </span>
    </p>
   </div>
   <div class='ocr_carea' id='block_1_6' title="bbox 502 3149 1945 3349">
    <p class='ocr_par' dir='ltr' id='par_1_9' title="bbox 502 3149 1945 3349">
     <span class='ocr_line' id='line_1_25' title="bbox 502 3149 1945 3262; baseline 0.009 -38"><span class='ocrx_word' id='word_1_245' title='bbox 502 3149 688 3249; x_wconf 81' lang='lat' dir='ltr'>jullerunt?</span> <span class='ocrx_word' id='word_1_246' title='bbox 710 3157 794 3231; x_wconf 92' lang='lat' dir='ltr'>adeo</span> <span class='ocrx_word' id='word_1_247' title='bbox 807 3162 966 3232; x_wconf 91' lang='lat' dir='ltr'>nimirum</span> <span class='ocrx_word' id='word_1_248' title='bbox 981 3183 1047 3258; x_wconf 88' lang='lat' dir='ltr'>pro</span> <span class='ocrx_word' id='word_1_249' title='bbox 1061 3157 1122 3233; x_wconf 83' lang='lat' dir='ltr'>fita</span> <span class='ocrx_word' id='word_1_250' title='bbox 1137 3184 1252 3233; x_wconf 89' lang='lat' dir='ltr'>rerum</span> <span class='ocrx_word' id='word_1_251' title='bbox 1268 3156 1397 3235; x_wconf 82' lang='lat' dir='ltr'>diverso</span> <span class='ocrx_word' id='word_1_252' title='bbox 1412 3155 1560 3234; x_wconf 87' lang='lat' dir='ltr'>diversus</span> <span class='ocrx_word' id='word_1_253' title='bbox 1577 3184 1713 3256; x_wconf 89' lang='lat' dir='ltr'>quoque</span> <span class='ocrx_word' id='word_1_254' title='bbox 1734 3165 1855 3237; x_wconf 79' lang='lat' dir='ltr'>iisdem</span> <span class='ocrx_word' id='word_1_255' title='bbox 1877 3163 1945 3262; x_wconf 85' lang='lat' dir='ltr'>plu</span> 
     </span>
     <span class='ocr_line' id='line_1_26' title="bbox 505 3248 938 3349; baseline 0.007 -22"><span class='ocrx_word' id='word_1_256' title='bbox 505 3249 618 3327; x_wconf 72' lang='lat' dir='ltr'>verbis</span> <span class='ocrx_word' id='word_1_257' title='bbox 631 3248 739 3328; x_wconf 84' lang='lat' dir='ltr'>sensut</span> <span class='ocrx_word' id='word_1_258' title='bbox 758 3253 938 3349; x_wconf 81' lang='lat' dir='ltr'>affingitur.</span> 
     </span>
    </p>
   </div>
   <div class='ocr_carea' id='block_1_7' title="bbox 465 3416 1945 3688">
    <p class='ocr_par' dir='ltr' id='par_1_10' title="bbox 465 3416 1945 3688">
     <span class='ocr_line' id='line_1_27' title="bbox 624 3416 1945 3522; baseline 0.008 -32"><span class='ocrx_word' id='word_1_259' title='bbox 624 3416 700 3490; x_wconf 80' lang='lat' dir='ltr'>Alia</span> <span class='ocrx_word' id='word_1_260' title='bbox 718 3427 866 3511; x_wconf 77' lang='lat' dir='ltr'>Anonymi</span> <span class='ocrx_word' id='word_1_261' title='bbox 884 3423 940 3497; x_wconf 91' lang='lat' dir='ltr'>hie</span> <span class='ocrx_word' id='word_1_262' title='bbox 957 3424 1115 3497; x_wconf 88' lang='lat' dir='ltr'>omittere</span> <span class='ocrx_word' id='word_1_263' title='bbox 1128 3420 1275 3522; x_wconf 83' lang='lat' dir='ltr'>possum,</span> <span class='ocrx_word' id='word_1_264' title='bbox 1299 3427 1427 3521; x_wconf 86' lang='lat' dir='ltr'>quippe</span> <span class='ocrx_word' id='word_1_265' title='bbox 1443 3423 1485 3497; x_wconf 87' lang='lat' dir='ltr'>de</span> <span class='ocrx_word' id='word_1_266' title='bbox 1499 3421 1620 3520; x_wconf 86' lang='lat' dir='ltr'>quibua</span> <span class='ocrx_word' id='word_1_267' title='bbox 1636 3424 1669 3495; x_wconf 93' lang='lat' dir='ltr'>in</span> <span class='ocrx_word' id='word_1_268' title='bbox 1687 3418 1945 3500; x_wconf 68' lang='lat' dir='ltr'>Dill‘ertetionibt</span> 
     </span>
     <span class='ocr_line' id='line_1_28' title="bbox 465 3511 1945 3688; baseline 0.007 -100"><span class='ocrx_word' id='word_1_269' title='bbox 465 3569 468 3576; x_wconf 80' lang='grc'>-</span> <span class='ocrx_word' id='word_1_270' title='bbox 508 3511 665 3688; x_wconf 51' lang='lat' dir='ltr'>mque</span> <span class='ocrx_word' id='word_1_271' title='bbox 688 3519 804 3593; x_wconf 87' lang='lat' dir='ltr'>Tomo</span> <span class='ocrx_word' id='word_1_272' title='bbox 827 3519 907 3595; x_wconf 91' lang='lat' dir='ltr'>huic</span> <span class='ocrx_word' id='word_1_273' title='bbox 932 3519 1113 3596; x_wconf 73' lang='lat' dir='ltr'>inserendis</span> <span class='ocrx_word' id='word_1_274' title='bbox 1136 3547 1156 3595; x_wconf 90' lang='lat' dir='ltr'>a</span> <span class='ocrx_word' id='word_1_275' title='bbox 1180 3525 1281 3595; x_wconf 81' lang='lat' dir='ltr'>tariic</span> <span class='ocrx_word' id='word_1_276' title='bbox 1301 3522 1519 3620; x_wconf 87' lang='lat' dir='ltr'>lcriptoribus</span> <span class='ocrx_word' id='word_1_277' title='bbox 1541 3523 1616 3595; x_wconf 86' lang='lat' dir='ltr'>data</span> <span class='ocrx_word' id='word_1_278' title='bbox 1639 3545 1745 3618; x_wconf 87' lang='lat' dir='ltr'>opera</span> <span class='ocrx_word' id='word_1_279' title='bbox 1769 3525 1945 3598; x_wconf 80' lang='lat' dir='ltr'>mentio-r</span> 
     </span>
    </p>
   </div>
   <div class='ocr_carea' id='block_1_8' title="bbox 0 0 2487 5556">
    <p class='ocr_par' dir='ltr' id='par_1_11' title="bbox 0 0 2487 5556">
     <span class='ocr_line' id='line_1_29' title="bbox 0 0 2487 5556; baseline 0 0"><span class='ocrx_word' id='word_1_280' title='bbox 0 0 2487 5556; x_wconf 95' lang='lat' dir='ltr'> </span> 
     </span>
    </p>
   </div>
  </div>
 </body>
</html>
