4950 5567
515 591 639 712 122'
796 599 1218 684 'otssannnrto
1265 527 1686 678 tubuounntts

511 790 781 863 VonbMARo
802 805 936 859 omnem
966 779 1196 856 traslationem
1230 776 1443 854 recusante*
1470 805 1546 855 cum
1568 807 1651 876 ergo
1676 771 1899 854 observarent
1919 779 1990 850 Do·

473 901 477 916 ’
510 881 852 967 miniProteslantes,
889 878 921 953 se
942 880 1026 951 nihil
1049 885 1110 954 hae
1133 886 1166 952 in
1187 906 1225 953 re
1247 875 1396 963 efficere,
1429 880 1506 952 hinc
1523 881 1718 952 ulteriorem
1737 875 1932 951 Inslantiem
1951 875 1992 948 ad

508 985 666 1082 proxima
682 983 826 1054 Comitia
839 979 1045 1073 rejecerunt,
1070 977 1099 1003 ¹⁶
1124 979 1206 1076 quin
1222 977 1447 1050 Inllrumento
1464 982 1557 1049 Pacis
1577 976 1721 1076 desuper
1741 973 1870 1075 aliquid
1893 971 1994 1046 inser·

510 1102 584 1174 tum
604 1075 717 1152 suerit.
765 1076 931 1177 Equidem
952 1076 1153 1168 generaliter
1167 1073 1381 1174 prospeflum
1401 1099 1473 1148 erat
1489 1073 1626 1148 subditis
1641 1079 1675 1148 in
1690 1072 1917 1148 Insltumeoto
1932 1075 1992 1144 Pa·

508 1179 578 1264 eia,
603 1179 662 1274 qui
679 1171 853 1274 publicum
868 1173 921 1246 uel
936 1176 1104 1269 privatum
1122 1175 1307 1267 Religionis
1322 1176 1608 1267 Exercitiumfive
1620 1195 1700 1246 cerro
1713 1179 1797 1269 'auo
1818 1191 1877 1244 aur
1894 1175 1993 1268 priui-

509 1278 587 1370 legio
601 1277 668 1360 sve
688 1276 857 1367 longousu,
881 1274 954 1360 five
972 1273 1035 1360 sola
1055 1278 1182 1366 denique
1201 1273 1408 1363 Obseruantia
1428 1275 1504 1344 anni
1525 1271 1683 1346 normalis
1703 1270 1913 1354 habuerunt,
1945 1267 1992 1293 ”‘

508 1395 550 1445 ut
563 1374 663 1446 etiam
679 1369 761 1442 illud
782 1367 1000 1467 imposterum
1022 1371 1205 1451 retineant,
1232 1366 1442 1442 &beneficio
1461 1367 1671 1443 subditorum
1695 1368 1917 1441 toleratorum
1938 1391 1990 1440 cu·

507 1467 697 1566 juscunque
712 1470 843 1560 generis
861 1465 972 1563 quoad
988 1471 1214 1563 receptionem
1230 1469 1264 1537 in
1276 1467 1405 1539 Tribus
1419 1467 1453 1540 dt
1469 1465 1642 1564 Opificum
1652 1467 1803 1558 Collegit
1817 1462 1988 1540 sruantur:

399 1635 404 1644 .
508 1563 716 1640 asseruerunt
732 1588 842 1636 eutem
856 1563 1139 1658 aquisgranenses
1157 1589 1273 1636 vocem
1293 1568 1487 1653 observantia
1503 1566 1545 1636 de
1561 1564 1625 1636 suis
1648 1563 1908 1637 Protellantibue
1924 1585 1988 1636 non

510 1660 718 1760 disposuisse.
739 1662 872 1758 eoquod
889 1659 938 1732 isli
957 1687 1098 1758 propter
1110 1665 1279 1758 privatum
1289 1663 1474 1755 Religionis
1486 1658 1549 1733 suae
1559 1664 1761 1735 Exercitium
1771 1667 1872 1733 Anno
1886 1671 1987 1750 1624.

507 1757 662 1834 muldati
680 1755 834 1842 fuissent,
860 1760 1003 1830 multum
1023 1757 1162 1833 differre
1186 1783 1296 1831 autem
1319 1756 1603 1836 introdulliouem
1619 1759 1745 1856 absque
1766 1756 1889 1832 assensu
1911 1761 1984 1832 anni

477 1947 479 1952 Ι
510 1867 618 1949 1624.
644 1855 686 1929 ab
707 1853 955 1928 introduslione
976 1880 1092 1929 contra
1111 1854 1292 1954 expressam
1312 1856 1578 1954 prohibitionem
1596 1865 1696 1930 Anno
1718 1865 1820 1952 1624.
1844 1853 1983 1941 sallumt

503 1978 717 2053 quapropter
725 1959 808 2027 Pace
821 1953 971 2027 conclusa
982 1952 1197 2048 Magistratus
1214 1956 1289 2027 illos
1304 1958 1404 2027 etiam
1418 1981 1437 2027 a
1452 1954 1615 2028 beneficio
1629 1957 1706 2027 unni
1720 1955 1883 2028 normalis
1894 1957 1985 2052 peni·

506 2075 563 2124 tus
578 2049 784 2125 excludebat.
794 2055 818 2103 ὓ
856 2056 895 2122 In
912 2049 982 2146 ipso
996 2052 1072 2122 dein
1089 2056 1290 2123 Etecutione
1299 2057 1389 2124 Pacis
1405 2055 1509 2125 multa
1524 2056 1652 2125 ratione
1668 2053 1767 2149 hujus
1776 2054 1930 2126 Civitatis
1940 2055 1985 2126 in·

503 2171 559 2224 ter
569 2172 683 2248 partes
701 2145 939 2239 agebantur,“
979 2145 1156 2219 otilstmunt
1172 2173 1283 2220 autem
1293 2155 1383 2228 Aee.
1395 2155 1548 2224 Statuum
1563 2153 1665 2246 petitu
1680 2174 1721 2223 co
1736 2147 1865 2223 diresla
1881 2173 1983 2236 erant,

501 2269 559 2328 ut,
585 2244 753 2342 pendente
770 2174 991 2317 controversia
1009 2246 1050 2317 de
1065 2250 1197 2342 privato
1211 2248 1396 2340 Religionis
1412 2251 1595 2328 Ex'ercitio,
1609 2248 1709 2343 hujus
1723 2248 1789 2322 loci
1800 2249 1982 2324 Proteslau·

479 2373 482 2378 ·
503 2341 596 2417 tibus
609 2347 692 2438 Jura
707 2343 860 2414 Civitatis
877 2342 910 2413 dt
927 2341 1074 2424 admissio
1090 2345 1131 2414 ad
1142 2342 1273 2415 Tribus
1294 2343 1514 2442 &Opificum
1529 2346 1679 2438 collegia
1693 2372 1762 2420 non
1783 2345 1983 2442 denegaren-

499 2461 568 2514 tur.
595 2438 644 2465 “⁶
666 2440 758 2538 quod
773 2431 881 2537 ipsum
894 2441 995 2511 etiarn
1009 2438 1105 2512 Listae
1121 2439 1378 2515 Restitutionum
1394 2468 1413 2514 a
1427 2447 1541 2516 Suecis
1554 2444 1713 2517 insertum
1733 2442 1779 2517 ell
1794 2443 1876 2520 ····.
1915 2449 1982 2522 Hic

497 2561 614 2614 eutem
634 2534 742 2631 probe
756 2535 927 2635 perpende
941 2561 1097 2634 appnret,
1120 2563 1188 2610 non
1208 2538 1287 2612 idco
1301 2538 1519 2613 Protestantes
1534 2541 1818 2634 Aquisgrunenset
1840 2569 1859 2617 a
1874 2544 1981 2620 Colle·

499 2634 565 2728 gila
585 2631 757 2730 Opificum
772 2636 878 2705 arceri
893 2632 1046 2716 voluisse,
1075 2636 1208 2733 eoquod
1228 2661 1316 2708 anno
1336 2636 1479 2708 normali
1498 2637 1540 2708 ad
1561 2636 1620 2710 illa
1636 2640 1786 2735 Collegiu
1805 2666 1874 2714 non
1893 2667 1983 2720 rece·

496 2732 551 2830 pti
565 2727 713 2816 fuissent,
739 2729 795 2806 sed
810 2731 909 2813 ideo,
941 2735 1020 2826 quia
1043 2733 1108 2802 tion
1129 2733 1307 2805 voluerunt
1327 2734 1482 2818 tolerari,
1515 2735 1590 2808 illos
1617 2760 1728 2809 autem
1751 2739 1889 2813 tolerari
1914 2767 1980 2816 non

494 2826 653 2912 voluisse,
685 2832 764 2926 quia
784 2827 1007 2920 pretenderet
1028 2827 1244 2923 Magistratus
1265 2829 1343 2905 illos
1363 2855 1450 2908 anno
1470 2833 1615 2907 normali
1635 2834 1767 2910 nullum
1793 2837 1979 2936 Religioni·

494 2927 700 3002 Exercitium
714 2922 872 3000 habuisse.

614 3054 761 3155 Qtaesslo
778 3057 866 3143 hec,
893 3083 935 3133 an
955 3064 997 3134 A.
1013 3063 1053 3134 C.
1078 3059 1201 3136 addilli
1216 3065 1501 3161 Aquisgranenses
1521 3071 1723 3146 Exercitium
1746 3069 1810 3147 suae
1831 3075 1978 3170 Religio·

365 3205 373 3220 e
399 3157 403 3170 “
495 3155 550 3227 nis
562 3153 708 3228 habuisse
722 3152 935 3241 censeantur,
962 3161 996 3229 in
1010 3163 1164 3233 Comitiis
1182 3162 1364 3234 de'cidenda
1380 3189 1470 3239 erat:
1496 3165 1652 3262 petebant
1666 3194 1775 3244 autem
1793 3181 1835 3246 A.
1854 3179 1893 3248 C.
1909 3180 1978 3247 Sta·

494 3275 552 3324 tua
572 3276 629 3325 eos
651 3254 765 3327 saltem
789 3256 956 3352 pendente
980 3247 1202 3330 controver'fia
1222 3261 1263 3330 ad
1286 3259 1432 3356 opificia
1450 3290 1634 3359 eorumque
1657 3269 1806 3363 Collegio
1828 3272 1976 3365 admitti,

493 3373 563 3421 non
586 3351 682 3433 ideo,
722 3355 800 3448 quia
825 3377 911 3422 anno
937 3355 1080 3425 normali
1103 3359 1137 3426 in
1162 3356 1229 3427 istis
1259 3359 1419 3452 Collegiis
1445 3357 1540 3434 fuisse
1565 3363 1771 3449 dicerentur,
1806 3369 1863 3441 led
1886 3372 1974 3453 ideo,

493 3449 592 3544 quia,
618 3448 785 3542 pendente
812 3447 1063 3534 Controversta,
1090 3452 1165 3524 illos
1197 3455 1333 3527 tolerari
1359 3455 1549 3540 voluisseut,
1575 3485 1690 3535 omnes
1715 3488 1828 3538 nutem
1852 3464 1976 3542 subditi

493 3542 627 3615 tolerati
653 3545 880 3642 cujuscunque
907 3550 1037 3641 generis
1072 3551 1172 3622 etiam
1199 3552 1240 3622 ad
1265 3551 1437 3722 opificum
1462 3557 1613 3649 Collegit
1638 3560 1833 3637 admittendi
1858 3561 1971 3642 essent.

492 3640 596 3737 Qtod
623 3641 664 3712 de
686 3645 902 3738 Aquitgrano
929 3643 1097 3738 hucusque
1121 3645 1248 3720 dislum
1270 3675 1288 3722 e
1323 3705 1336 3730 ,
1362 3657 1461 3724 etiam
1487 3656 1528 3725 de
1552 3657 1692 3730 Colonia
1719 3659 1871 3748 obtinet;
1894 3689 1970 3740 cum

492 3734 666 3834 ipfiffimus
683 3741 781 3837 plane
798 3739 832 3811 stt
851 3740 962 3813 Casus.
1012 3745 1179 3816 Ultimato
1195 3748 1328 3819 tandem
1345 3752 1455 3843 quoad
1469 3753 1530 3823 hos
1547 3753 1727 3830 Treslatus
1748 3785 1849 3857 quam
1869 3767 1971 3838 mcxi·

491 3859 551 3913 ne
573 3833 741 3910 observari
763 3862 930 3925 meretur,
956 3865 975 3913 a
991 3844 1148 3917 Dominis
1167 3843 1429 3922 Protcslantibus
1447 3847 1674 3938 tenulorem
1693 3881 1762 3939 non
1781 3881 1912 3940 tuntum
1928 3863 1969 3936 ad

1910 3961 1969 4039 illc

529 4056 546 4095 ⁴
565 4053 685 4121 Ibidem
699 4075 770 4141 pag.
786 4055 854 4143 163.
873 4056 942 4147 165.

522 4152 554 4189 '*
575 4150 671 4216 Tom.
684 4173 713 4236 5.
729 4175 799 4237 pag.
812 4159 884 4240 604.

517 4251 565 4287 '⁹'
582 4250 655 4313 Art.
669 4247 710 4317 V.
725 4252 750 4335 l.
765 4272 814 4335 31.
830 4254 916 4322 lnllr.
931 4255 1030 4327 Pacid.

516 4352 533 4385 ’
553 4368 605 4413 mc
631 4349 691 4412 lllu·
703 4372 717 4412 1
730 4372 748 4412 a:
759 4372 779 4414 n
790 4374 813 4415 n
831 4354 902 4418 Art.
922 4355 991 4423 Pac.
1003 4356 1144 4442 Westph.
1163 4346 1258 4427 Tum.
1273 4351 1304 4425 6.
1321 4377 1392 4444 pag.
1406 4357 1478 4446 699.

514 4448 554 4489 *⁸
577 4449 663 4511 Idem
688 4450 952 4529 ffirttutnfflxec.
969 4459 1075 4537 bonci.
1100 4471 1163 4531 atet
1183 4460 1238 4543 bb.
1265 4481 1337 4545 pag.
1357 4482 1430 4546 224.
1452 4465 1487 4530 δι
1508 4481 1580 4549 225.

515 4548 562 4582 ”¹
580 4548 698 4610 Ibidem
713 4569 783 4632 pag.
794 4552 869 4633 516.
883 4551 915 4615 ὃ(
931 4554 991 4639 seq.
1693 4593 1696 4597 ·

517 4645 598 4689 m*
622 4645 742 4712 Ibidem
764 4666 835 4731 pag.
859 4647 929 4733 176.
