<?xml version="1.0" encoding="UTF-8"?>
<!DOCTYPE html PUBLIC "-//W3C//DTD XHTML 1.0 Transitional//EN"
    "http://www.w3.org/TR/xhtml1/DTD/xhtml1-transitional.dtd">
<html xmlns="http://www.w3.org/1999/xhtml" xml:lang="en" lang="en">
 <head>
  <title>
</title>
<meta http-equiv="Content-Type" content="text/html;charset=utf-8" />
  <meta name='ocr-system' content='tesseract 3.04.00' />
  <meta name='ocr-capabilities' content='ocr_page ocr_carea ocr_par ocr_line ocrx_word'/>
</head>
<body>
  <div class='ocr_page' id='page_1' title='image "./thesavrvsivrise04schmgoog_0462.png"; bbox 0 0 4950 5567; ppageno 0'>
   <div class='ocr_carea' id='block_1_1' title="bbox 386 583 1528 702">
    <p class='ocr_par' dir='ltr' id='par_1_1' title="bbox 386 583 1528 702">
     <span class='ocr_line' id='line_1_1' title="bbox 386 583 1528 702; baseline -0.016 -19"><span class='ocrx_word' id='word_1_1' title='bbox 386 661 391 668; x_wconf 92' lang='lat'>.</span> <span class='ocrx_word' id='word_1_2' title='bbox 491 607 568 702; x_wconf 73' lang='lat'>44⁶</span> <span class='ocrx_word' id='word_1_3' title='bbox 941 583 1528 672; x_wconf 80' lang='lat' dir='ltr'>nissanrarro</span> 
     </span>
    </p>
   </div>
   <div class='ocr_carea' id='block_1_2' title="bbox 1132 769 1339 860">
    <p class='ocr_par' dir='ltr' id='par_1_2' title="bbox 1132 769 1339 860">
     <span class='ocr_line' id='line_1_2' title="bbox 1132 769 1339 860; baseline 0 -16"><span class='ocrx_word' id='word_1_4' title='bbox 1132 775 1166 860; x_wconf 88' lang='lat'>§.</span> <span class='ocrx_word' id='word_1_5' title='bbox 1214 769 1339 844; x_wconf 88' lang='lat' dir='ltr'>v111.</span> 
     </span>
    </p>
   </div>
   <div class='ocr_carea' id='block_1_3' title="bbox 426 897 1973 1690">
    <p class='ocr_par' dir='ltr' id='par_1_3' title="bbox 426 897 1973 1690">
     <span class='ocr_line' id='line_1_3' title="bbox 610 897 1970 1004; baseline -0.007 -18"><span class='ocrx_word' id='word_1_6' title='bbox 610 906 717 986; x_wconf 81' lang='lat' dir='ltr'>Pasira</span> <span class='ocrx_word' id='word_1_7' title='bbox 741 908 854 1004; x_wconf 89' lang='lat' dir='ltr'>itaque</span> <span class='ocrx_word' id='word_1_8' title='bbox 878 929 985 990; x_wconf 86' lang='lat' dir='ltr'>certa,</span> <span class='ocrx_word' id='word_1_9' title='bbox 1014 901 1265 1002; x_wconf 89' lang='lat' dir='ltr'>indubitataquc</span> <span class='ocrx_word' id='word_1_10' title='bbox 1289 907 1377 979; x_wconf 83' lang='lat' dir='ltr'>cirea</span> <span class='ocrx_word' id='word_1_11' title='bbox 1403 897 1594 1002; x_wconf 72' lang='lat' dir='ltr'>passiones,</span> <span class='ocrx_word' id='word_1_12' title='bbox 1617 922 1701 998; x_wconf 81' lang='lat' dir='ltr'>quas</span> <span class='ocrx_word' id='word_1_13' title='bbox 1726 897 1907 1001; x_wconf 80' lang='lat' dir='ltr'>Principes</span> <span class='ocrx_word' id='word_1_14' title='bbox 1927 925 1970 982; x_wconf 86' lang='lat' dir='ltr'>m</span> 
     </span>
     <span class='ocr_line' id='line_1_4' title="bbox 496 995 1970 1104; baseline -0.006 -19"><span class='ocrx_word' id='word_1_15' title='bbox 496 1015 607 1086; x_wconf 84' lang='lat' dir='ltr'>Status</span> <span class='ocrx_word' id='word_1_16' title='bbox 622 1007 739 1104; x_wconf 89' lang='lat' dir='ltr'>sponte</span> <span class='ocrx_word' id='word_1_17' title='bbox 757 1005 928 1088; x_wconf 71' lang='lat' dir='ltr'>delibem,</span> <span class='ocrx_word' id='word_1_18' title='bbox 953 1030 990 1078; x_wconf 89' lang='lat' dir='ltr'>ac</span> <span class='ocrx_word' id='word_1_19' title='bbox 1013 1008 1059 1075; x_wconf 88' lang='lat' dir='ltr'>ita</span> <span class='ocrx_word' id='word_1_20' title='bbox 1073 1006 1232 1100; x_wconf 80' lang='lat' dir='ltr'>privatim</span> <span class='ocrx_word' id='word_1_21' title='bbox 1248 1007 1372 1097; x_wconf 85' lang='lat' dir='ltr'>magis,</span> <span class='ocrx_word' id='word_1_22' title='bbox 1400 1023 1477 1073; x_wconf 92' lang='lat' dir='ltr'>utut</span> <span class='ocrx_word' id='word_1_23' title='bbox 1493 1000 1534 1073; x_wconf 90' lang='lat' dir='ltr'>ad</span> <span class='ocrx_word' id='word_1_24' title='bbox 1555 995 1825 1072; x_wconf 67' lang='lat' dir='ltr'>intercessionem</span> <span class='ocrx_word' id='word_1_25' title='bbox 1848 1002 1901 1076; x_wconf 86' lang='lat' dir='ltr'>rel</span> <span class='ocrx_word' id='word_1_26' title='bbox 1914 1025 1970 1076; x_wconf 82' lang='lat' dir='ltr'>me·</span> 
     </span>
     <span class='ocr_line' id='line_1_5' title="bbox 496 1092 1972 1199; baseline -0.005 -18"><span class='ocrx_word' id='word_1_27' title='bbox 496 1109 676 1182; x_wconf 90' lang='lat' dir='ltr'>diationem</span> <span class='ocrx_word' id='word_1_28' title='bbox 691 1105 828 1178; x_wconf 88' lang='lat' dir='ltr'>alterius</span> <span class='ocrx_word' id='word_1_29' title='bbox 845 1109 954 1176; x_wconf 89' lang='lat' dir='ltr'>Status</span> <span class='ocrx_word' id='word_1_30' title='bbox 970 1125 1025 1174; x_wconf 91' lang='lat' dir='ltr'>aut</span> <span class='ocrx_word' id='word_1_31' title='bbox 1042 1105 1198 1199; x_wconf 81' lang='lat' dir='ltr'>potentis</span> <span class='ocrx_word' id='word_1_32' title='bbox 1214 1106 1316 1174; x_wconf 90' lang='lat' dir='ltr'>eriam</span> <span class='ocrx_word' id='word_1_33' title='bbox 1332 1124 1494 1172; x_wconf 77' lang='lat' dir='ltr'>extranea</span> <span class='ocrx_word' id='word_1_34' title='bbox 1507 1123 1585 1172; x_wconf 92' lang='lat' dir='ltr'>cum</span> <span class='ocrx_word' id='word_1_35' title='bbox 1601 1096 1667 1170; x_wconf 88' lang='lat' dir='ltr'>suis</span> <span class='ocrx_word' id='word_1_36' title='bbox 1682 1095 1836 1171; x_wconf 85' lang='lat' dir='ltr'>Statibus</span> <span class='ocrx_word' id='word_1_37' title='bbox 1856 1092 1972 1198; x_wconf 74' lang='lat' dir='ltr'>psor&#39;n·</span> 
     </span>
     <span class='ocr_line' id='line_1_6' title="bbox 495 1195 1973 1294; baseline -0.004 -17"><span class='ocrx_word' id='word_1_38' title='bbox 495 1205 634 1280; x_wconf 77' lang='lat' dir='ltr'>cialibus</span> <span class='ocrx_word' id='word_1_39' title='bbox 653 1228 711 1278; x_wconf 89' lang='lat' dir='ltr'>aut</span> <span class='ocrx_word' id='word_1_40' title='bbox 725 1200 863 1275; x_wconf 89' lang='lat' dir='ltr'>subditis</span> <span class='ocrx_word' id='word_1_41' title='bbox 879 1207 964 1273; x_wconf 88' lang='lat' dir='ltr'>inire</span> <span class='ocrx_word' id='word_1_42' title='bbox 982 1200 1106 1284; x_wconf 89' lang='lat' dir='ltr'>solent,</span> <span class='ocrx_word' id='word_1_43' title='bbox 1131 1202 1247 1293; x_wconf 89' lang='lat' dir='ltr'>tegula</span> <span class='ocrx_word' id='word_1_44' title='bbox 1271 1223 1339 1272; x_wconf 87' lang='lat' dir='ltr'>tant</span> <span class='ocrx_word' id='word_1_45' title='bbox 1356 1224 1375 1269; x_wconf 93' lang='lat' dir='ltr'>a</span> <span class='ocrx_word' id='word_1_46' title='bbox 1390 1195 1671 1280; x_wconf 87' lang='lat' dir='ltr'>Proteslantibus,</span> <span class='ocrx_word' id='word_1_47' title='bbox 1706 1221 1814 1294; x_wconf 94' lang='lat' dir='ltr'>quam</span> <span class='ocrx_word' id='word_1_48' title='bbox 1832 1223 1853 1268; x_wconf 86' lang='lat' dir='ltr'>a</span> <span class='ocrx_word' id='word_1_49' title='bbox 1868 1199 1973 1274; x_wconf 77' lang='lat' dir='ltr'>caua·</span> 
     </span>
     <span class='ocr_line' id='line_1_7' title="bbox 496 1291 1972 1396; baseline -0.005 -19"><span class='ocrx_word' id='word_1_50' title='bbox 496 1303 569 1376; x_wconf 90' lang='lat' dir='ltr'>licis</span> <span class='ocrx_word' id='word_1_51' title='bbox 584 1306 713 1396; x_wconf 88' lang='lat' dir='ltr'>agnita,</span> <span class='ocrx_word' id='word_1_52' title='bbox 740 1327 795 1374; x_wconf 89' lang='lat' dir='ltr'>eas</span> <span class='ocrx_word' id='word_1_53' title='bbox 810 1297 956 1396; x_wconf 91' lang='lat' dir='ltr'>eousque</span> <span class='ocrx_word' id='word_1_54' title='bbox 978 1297 1081 1371; x_wconf 81' lang='lat' dir='ltr'>salvar</span> <span class='ocrx_word' id='word_1_55' title='bbox 1104 1293 1185 1379; x_wconf 84' lang='lat' dir='ltr'>esse,</span> <span class='ocrx_word' id='word_1_56' title='bbox 1212 1296 1387 1395; x_wconf 82' lang='lat' dir='ltr'>quousque</span> <span class='ocrx_word' id='word_1_57' title='bbox 1404 1321 1472 1368; x_wconf 91' lang='lat' dir='ltr'>non</span> <span class='ocrx_word' id='word_1_58' title='bbox 1495 1299 1688 1392; x_wconf 88' lang='lat' dir='ltr'>impingunt</span> <span class='ocrx_word' id='word_1_59' title='bbox 1702 1299 1737 1365; x_wconf 94' lang='lat' dir='ltr'>in</span> <span class='ocrx_word' id='word_1_60' title='bbox 1759 1295 1857 1390; x_wconf 84' lang='lat' dir='ltr'>leges</span> <span class='ocrx_word' id='word_1_61' title='bbox 1874 1291 1972 1370; x_wconf 70' lang='lat' dir='ltr'>fiendo</span> 
     </span>
     <span class='ocr_line' id='line_1_8' title="bbox 495 1391 1973 1499; baseline -0.003 -26"><span class='ocrx_word' id='word_1_62' title='bbox 495 1403 656 1474; x_wconf 81' lang='lat' dir='ltr'>mentales</span> <span class='ocrx_word' id='word_1_63' title='bbox 673 1405 831 1499; x_wconf 89' lang='lat' dir='ltr'>Imperii,</span> <span class='ocrx_word' id='word_1_64' title='bbox 855 1424 922 1469; x_wconf 92' lang='lat' dir='ltr'>non</span> <span class='ocrx_word' id='word_1_65' title='bbox 945 1396 1002 1469; x_wconf 89' lang='lat' dir='ltr'>abs</span> <span class='ocrx_word' id='word_1_66' title='bbox 1025 1421 1062 1468; x_wconf 90' lang='lat' dir='ltr'>te</span> <span class='ocrx_word' id='word_1_67' title='bbox 1085 1400 1150 1469; x_wconf 92' lang='lat' dir='ltr'>erit</span> <span class='ocrx_word' id='word_1_68' title='bbox 1173 1403 1351 1493; x_wconf 87' lang='lat' dir='ltr'>utriusque</span> <span class='ocrx_word' id='word_1_69' title='bbox 1378 1399 1484 1494; x_wconf 89' lang='lat' dir='ltr'>partis</span> <span class='ocrx_word' id='word_1_70' title='bbox 1502 1397 1669 1492; x_wconf 84' lang='lat' dir='ltr'>principia</span> <span class='ocrx_word' id='word_1_71' title='bbox 1694 1391 1754 1464; x_wconf 89' lang='lat' dir='ltr'>sibi</span> <span class='ocrx_word' id='word_1_72' title='bbox 1772 1393 1973 1468; x_wconf 84' lang='lat' dir='ltr'>inrieemrd·</span> 
     </span>
     <span class='ocr_line' id='line_1_9' title="bbox 426 1491 1970 1594; baseline -0.003 -21"><span class='ocrx_word' id='word_1_73' title='bbox 426 1525 444 1534; x_wconf 81' lang='lat'><em>“</em></span> <span class='ocrx_word' id='word_1_74' title='bbox 494 1496 656 1572; x_wconf 77' lang='lat' dir='ltr'>versantia</span> <span class='ocrx_word' id='word_1_75' title='bbox 682 1499 879 1570; x_wconf 78' lang='lat' dir='ltr'>accuratiori</span> <span class='ocrx_word' id='word_1_76' title='bbox 899 1498 1022 1569; x_wconf 89' lang='lat' dir='ltr'>trutina</span> <span class='ocrx_word' id='word_1_77' title='bbox 1046 1493 1201 1594; x_wconf 87' lang='lat' dir='ltr'>pensare,</span> <span class='ocrx_word' id='word_1_78' title='bbox 1228 1519 1352 1593; x_wconf 89' lang='lat' dir='ltr'>eaque,</span> <span class='ocrx_word' id='word_1_79' title='bbox 1377 1519 1451 1591; x_wconf 81' lang='lat' dir='ltr'>quae</span> <span class='ocrx_word' id='word_1_80' title='bbox 1471 1491 1698 1565; x_wconf 81' lang='lat' dir='ltr'>lnslrumento</span> <span class='ocrx_word' id='word_1_81' title='bbox 1717 1493 1815 1564; x_wconf 86' lang='lat' dir='ltr'>Pacis</span> <span class='ocrx_word' id='word_1_82' title='bbox 1832 1517 1970 1592; x_wconf 70' lang='lat' dir='ltr'>tanqum</span> 
     </span>
     <span class='ocr_line' id='line_1_10' title="bbox 496 1585 1969 1690; baseline -0.003 -21"><span class='ocrx_word' id='word_1_83' title='bbox 496 1597 563 1690; x_wconf 85' lang='lat' dir='ltr'>legi</span> <span class='ocrx_word' id='word_1_84' title='bbox 589 1600 731 1669; x_wconf 82' lang='lat' dir='ltr'>maxime</span> <span class='ocrx_word' id='word_1_85' title='bbox 757 1593 1018 1676; x_wconf 88' lang='lat' dir='ltr'>fundamentali,</span> <span class='ocrx_word' id='word_1_86' title='bbox 1045 1619 1084 1665; x_wconf 88' lang='lat' dir='ltr'>ex</span> <span class='ocrx_word' id='word_1_87' title='bbox 1111 1619 1176 1689; x_wconf 89' lang='lat' dir='ltr'>qua</span> <span class='ocrx_word' id='word_1_88' title='bbox 1202 1598 1314 1665; x_wconf 87' lang='lat' dir='ltr'>omnis</span> <span class='ocrx_word' id='word_1_89' title='bbox 1339 1590 1460 1665; x_wconf 79' lang='lat' dir='ltr'>decifio</span> <span class='ocrx_word' id='word_1_90' title='bbox 1492 1589 1714 1673; x_wconf 88' lang='lat' dir='ltr'>desumenda,</span> <span class='ocrx_word' id='word_1_91' title='bbox 1742 1585 1969 1676; x_wconf 81' lang='lat' dir='ltr'>conformiorr.</span> 
     </span>
    </p>
   </div>
   <div class='ocr_carea' id='block_1_4' title="bbox 355 1685 1970 1792">
    <p class='ocr_par' dir='ltr' id='par_1_4' title="bbox 355 1685 1970 1792">
     <span class='ocr_line' id='line_1_11' title="bbox 355 1685 1970 1792; baseline -0.001 -25"><span class='ocrx_word' id='word_1_92' title='bbox 355 1713 359 1724; x_wconf 91' lang='grc'><em>·</em></span> <span class='ocrx_word' id='word_1_93' title='bbox 495 1693 646 1792; x_wconf 89' lang='lat' dir='ltr'>suscepto</span> <span class='ocrx_word' id='word_1_94' title='bbox 661 1696 800 1767; x_wconf 90' lang='lat' dir='ltr'>themati</span> <span class='ocrx_word' id='word_1_95' title='bbox 826 1692 1088 1789; x_wconf 78' lang='lat' dir='ltr'>applicabimus,</span> <span class='ocrx_word' id='word_1_96' title='bbox 1117 1692 1151 1764; x_wconf 82' lang='lat' dir='ltr'>dt</span> <span class='ocrx_word' id='word_1_97' title='bbox 1177 1690 1219 1764; x_wconf 81' lang='lat' dir='ltr'>fic</span> <span class='ocrx_word' id='word_1_98' title='bbox 1245 1714 1410 1789; x_wconf 86' lang='lat' dir='ltr'>quatenus</span> <span class='ocrx_word' id='word_1_99' title='bbox 1437 1691 1488 1765; x_wconf 80' lang='lat' dir='ltr'>ltae</span> <span class='ocrx_word' id='word_1_100' title='bbox 1510 1693 1708 1790; x_wconf 83' lang='lat' dir='ltr'>Principum</span> <span class='ocrx_word' id='word_1_101' title='bbox 1732 1685 1913 1788; x_wconf 72' lang='lat' dir='ltr'>pasliooes</span> <span class='ocrx_word' id='word_1_102' title='bbox 1930 1713 1970 1766; x_wconf 86' lang='lat' dir='ltr'>rr·</span> 
     </span>
    </p>
   </div>
   <div class='ocr_carea' id='block_1_5' title="bbox 494 1789 1292 1891">
    <p class='ocr_par' dir='ltr' id='par_1_5' title="bbox 494 1789 1292 1891">
     <span class='ocr_line' id='line_1_12' title="bbox 494 1789 1292 1891; baseline -0.005 -23"><span class='ocrx_word' id='word_1_103' title='bbox 494 1793 601 1878; x_wconf 85' lang='lat' dir='ltr'>leant,</span> <span class='ocrx_word' id='word_1_104' title='bbox 626 1792 758 1891; x_wconf 78' lang='lat' dir='ltr'>plenius</span> <span class='ocrx_word' id='word_1_105' title='bbox 784 1791 959 1866; x_wconf 82' lang='lat' dir='ltr'>&amp;clarius</span> <span class='ocrx_word' id='word_1_106' title='bbox 979 1789 1292 1866; x_wconf 84' lang='lat' dir='ltr'>determinabimus.</span> 
     </span>
    </p>
   </div>
   <div class='ocr_carea' id='block_1_6' title="bbox 1160 1981 1313 2086">
    <p class='ocr_par' dir='ltr' id='par_1_6' title="bbox 1160 1981 1313 2086">
     <span class='ocr_line' id='line_1_13' title="bbox 1160 1981 1313 2086; baseline 0.007 -26"><span class='ocrx_word' id='word_1_107' title='bbox 1160 1981 1191 2086; x_wconf 69' lang='lat' dir='ltr'>q.</span> <span class='ocrx_word' id='word_1_108' title='bbox 1244 1984 1313 2061; x_wconf 80' lang='lat' dir='ltr'>rit.</span> 
     </span>
    </p>
   </div>
   <div class='ocr_carea' id='block_1_7' title="bbox 497 2120 2000 2330">
    <p class='ocr_par' dir='ltr' id='par_1_7' title="bbox 497 2120 2000 2330">
     <span class='ocr_line' id='line_1_14' title="bbox 612 2120 1973 2233; baseline -0.003 -26"><span class='ocrx_word' id='word_1_109' title='bbox 612 2141 705 2208; x_wconf 88' lang='lat' dir='ltr'>Inter</span> <span class='ocrx_word' id='word_1_110' title='bbox 720 2132 962 2231; x_wconf 86' lang='lat' dir='ltr'>superioritstis</span> <span class='ocrx_word' id='word_1_111' title='bbox 979 2134 1194 2206; x_wconf 86' lang='lat' dir='ltr'>territorislis</span> <span class='ocrx_word' id='word_1_112' title='bbox 1209 2136 1389 2233; x_wconf 87' lang='lat' dir='ltr'>eidemque</span> <span class='ocrx_word' id='word_1_113' title='bbox 1399 2132 1499 2230; x_wconf 87' lang='lat' dir='ltr'>legali</span> <span class='ocrx_word' id='word_1_114' title='bbox 1513 2130 1647 2207; x_wconf 81' lang='lat' dir='ltr'>vinculo</span> <span class='ocrx_word' id='word_1_115' title='bbox 1658 2120 1793 2206; x_wconf 81' lang='lat' dir='ltr'>annera&#39;</span> <span class='ocrx_word' id='word_1_116' title='bbox 1801 2133 1905 2232; x_wconf 87' lang='lat' dir='ltr'>Jtira,</span> <span class='ocrx_word' id='word_1_117' title='bbox 1923 2131 1973 2230; x_wconf 72' lang='lat' dir='ltr'>J·</span> 
     </span>
     <span class='ocr_line' id='line_1_15' title="bbox 497 2227 2000 2330; baseline -0.005 -22"><span class='ocrx_word' id='word_1_118' title='bbox 497 2229 705 2308; x_wconf 80' lang='lat' dir='ltr'>reformandi</span> <span class='ocrx_word' id='word_1_119' title='bbox 730 2233 907 2303; x_wconf 90' lang='lat' dir='ltr'>secundum</span> <span class='ocrx_word' id='word_1_120' title='bbox 934 2256 1080 2303; x_wconf 89' lang='lat' dir='ltr'>mentem</span> <span class='ocrx_word' id='word_1_121' title='bbox 1102 2258 1170 2305; x_wconf 77' lang='lat' dir='ltr'>tam</span> <span class='ocrx_word' id='word_1_122' title='bbox 1194 2236 1448 2309; x_wconf 80' lang='lat' dir='ltr'>catholicorum</span> <span class='ocrx_word' id='word_1_123' title='bbox 1472 2258 1573 2330; x_wconf 89' lang='lat' dir='ltr'>quam</span> <span class='ocrx_word' id='word_1_124' title='bbox 1604 2235 1705 2304; x_wconf 89' lang='lat' dir='ltr'>etiam</span> <span class='ocrx_word' id='word_1_125' title='bbox 1727 2227 2000 2324; x_wconf 71' lang='lat' dir='ltr'>Proteslnntitmi</span> 
     </span>
    </p>
   </div>
   <div class='ocr_carea' id='block_1_8' title="bbox 370 2327 1972 2430">
    <p class='ocr_par' dir='ltr' id='par_1_8' title="bbox 370 2327 1972 2430">
     <span class='ocr_line' id='line_1_16' title="bbox 370 2327 1972 2430; baseline 0 -27"><span class='ocrx_word' id='word_1_126' title='bbox 370 2329 372 2336; x_wconf 76' lang='grc'><strong>’</strong></span> <span class='ocrx_word' id='word_1_127' title='bbox 483 2329 727 2403; x_wconf 74' lang='lat' dir='ltr'>nobilissmam</span> <span class='ocrx_word' id='word_1_128' title='bbox 748 2327 1063 2427; x_wconf 83' lang='lat' dir='ltr'>pattemconslttuit</span> <span class='ocrx_word' id='word_1_129' title='bbox 1128 2337 1206 2404; x_wconf 90' lang='lat' dir='ltr'>Hoc</span> <span class='ocrx_word' id='word_1_130' title='bbox 1219 2337 1281 2430; x_wconf 88' lang='lat' dir='ltr'>Jus</span> <span class='ocrx_word' id='word_1_131' title='bbox 1298 2359 1374 2406; x_wconf 90' lang='lat' dir='ltr'>ante</span> <span class='ocrx_word' id='word_1_132' title='bbox 1396 2337 1489 2404; x_wconf 90' lang='lat' dir='ltr'>Pacis</span> <span class='ocrx_word' id='word_1_133' title='bbox 1506 2328 1681 2424; x_wconf 81' lang='lat' dir='ltr'>Religiose</span> <span class='ocrx_word' id='word_1_134' title='bbox 1702 2353 1863 2429; x_wconf 83' lang='lat' dir='ltr'>tempora</span> <span class='ocrx_word' id='word_1_135' title='bbox 1881 2327 1972 2404; x_wconf 82' lang='lat' dir='ltr'>erdr-</span> 
     </span>
    </p>
   </div>
   <div class='ocr_carea' id='block_1_9' title="bbox 435 2425 2000 4497">
    <p class='ocr_par' dir='ltr' id='par_1_9' title="bbox 435 2425 2000 4005">
     <span class='ocr_line' id='line_1_17' title="bbox 494 2425 1973 2526; baseline 0 -24"><span class='ocrx_word' id='word_1_136' title='bbox 494 2455 625 2503; x_wconf 87' lang='lat' dir='ltr'>cantato</span> <span class='ocrx_word' id='word_1_137' title='bbox 647 2429 706 2500; x_wconf 92' lang='lat' dir='ltr'>illo</span> <span class='ocrx_word' id='word_1_138' title='bbox 724 2431 912 2525; x_wconf 86' lang='lat' dir='ltr'>principio:</span> <span class='ocrx_word' id='word_1_139' title='bbox 948 2429 1053 2522; x_wconf 75' lang='lat' dir='ltr'>Cujus</span> <span class='ocrx_word' id='word_1_140' title='bbox 1074 2429 1119 2501; x_wconf 85' lang='lat' dir='ltr'>esl</span> <span class='ocrx_word' id='word_1_141' title='bbox 1142 2434 1268 2526; x_wconf 88' lang='lat' dir='ltr'>Regio,</span> <span class='ocrx_word' id='word_1_142' title='bbox 1302 2433 1391 2504; x_wconf 80' lang='lat' dir='ltr'>illius</span> <span class='ocrx_word' id='word_1_143' title='bbox 1415 2432 1446 2504; x_wconf 85' lang='lat' dir='ltr'>dr</span> <span class='ocrx_word' id='word_1_144' title='bbox 1469 2433 1611 2522; x_wconf 86' lang='lat' dir='ltr'>religio,</span> <span class='ocrx_word' id='word_1_145' title='bbox 1642 2427 1845 2512; x_wconf 88' lang='lat' dir='ltr'>arbitrario,</span> <span class='ocrx_word' id='word_1_146' title='bbox 1868 2425 1973 2502; x_wconf 75' lang='lat' dir='ltr'>&amp;sire</span> 
     </span>
     <span class='ocr_line' id='line_1_18' title="bbox 494 2525 1975 2626; baseline -0.003 -24"><span class='ocrx_word' id='word_1_147' title='bbox 494 2531 716 2602; x_wconf 83' lang='lat' dir='ltr'>conventione</span> <span class='ocrx_word' id='word_1_148' title='bbox 740 2553 776 2598; x_wconf 90' lang='lat' dir='ltr'>ac</span> <span class='ocrx_word' id='word_1_149' title='bbox 799 2528 872 2620; x_wconf 85' lang='lat' dir='ltr'>lege</span> <span class='ocrx_word' id='word_1_150' title='bbox 894 2525 1046 2622; x_wconf 89' lang='lat' dir='ltr'>publica,</span> <span class='ocrx_word' id='word_1_151' title='bbox 1072 2554 1156 2622; x_wconf 84' lang='lat' dir='ltr'>vago</span> <span class='ocrx_word' id='word_1_152' title='bbox 1179 2529 1317 2626; x_wconf 87' lang='lat' dir='ltr'>prorsus</span> <span class='ocrx_word' id='word_1_153' title='bbox 1333 2533 1436 2602; x_wconf 91' lang='lat' dir='ltr'>modo</span> <span class='ocrx_word' id='word_1_154' title='bbox 1450 2527 1681 2608; x_wconf 82' lang='lat' dir='ltr'>exercebatur,</span> <span class='ocrx_word' id='word_1_155' title='bbox 1705 2525 1975 2624; x_wconf 74' lang='lat' dir='ltr'>subditotumqu</span> 
     </span>
     <span class='ocr_line' id='line_1_19' title="bbox 495 2607 1973 2726; baseline -0.003 -26"><span class='ocrx_word' id='word_1_156' title='bbox 495 2628 693 2720; x_wconf 86' lang='lat' dir='ltr'>religionem</span> <span class='ocrx_word' id='word_1_157' title='bbox 717 2624 775 2696; x_wconf 92' lang='lat' dir='ltr'>sub</span> <span class='ocrx_word' id='word_1_158' title='bbox 794 2626 885 2697; x_wconf 93' lang='lat' dir='ltr'>nudo</span> <span class='ocrx_word' id='word_1_159' title='bbox 906 2624 1094 2698; x_wconf 76' lang='lat' dir='ltr'>coarslabat</span> <span class='ocrx_word' id='word_1_160' title='bbox 1117 2632 1274 2726; x_wconf 90' lang='lat' dir='ltr'>imperio.</span> <span class='ocrx_word' id='word_1_161' title='bbox 1324 2631 1488 2703; x_wconf 75' lang='lat' dir='ltr'>Firmanis</span> <span class='ocrx_word' id='word_1_162' title='bbox 1511 2628 1649 2725; x_wconf 88' lang='lat' dir='ltr'>quidem</span> <span class='ocrx_word' id='word_1_163' title='bbox 1672 2630 1709 2697; x_wconf 87' lang='lat' dir='ltr'>P.</span> <span class='ocrx_word' id='word_1_164' title='bbox 1732 2607 1776 2698; x_wconf 79' lang='lat' dir='ltr'>ll.</span> <span class='ocrx_word' id='word_1_165' title='bbox 1800 2625 1888 2697; x_wconf 90' lang='lat' dir='ltr'>illud</span> <span class='ocrx_word' id='word_1_166' title='bbox 1906 2629 1973 2724; x_wconf 64' lang='lat' dir='ltr'>Jurr</span> 
     </span>
     <span class='ocr_line' id='line_1_20' title="bbox 495 2721 1975 2824; baseline -0.002 -27"><span class='ocrx_word' id='word_1_167' title='bbox 495 2749 530 2798; x_wconf 92' lang='lat' dir='ltr'>at</span> <span class='ocrx_word' id='word_1_168' title='bbox 545 2727 777 2798; x_wconf 86' lang='lat' dir='ltr'>limitationem</span> <span class='ocrx_word' id='word_1_169' title='bbox 802 2727 967 2821; x_wconf 89' lang='lat' dir='ltr'>quandam</span> <span class='ocrx_word' id='word_1_170' title='bbox 990 2750 1027 2795; x_wconf 89' lang='lat' dir='ltr'>ac</span> <span class='ocrx_word' id='word_1_171' title='bbox 1048 2726 1364 2802; x_wconf 85' lang='lat' dir='ltr'>dcterntinationcm</span> <span class='ocrx_word' id='word_1_172' title='bbox 1388 2725 1562 2824; x_wconf 74' lang='lat' dir='ltr'>appulit,</span> <span class='ocrx_word' id='word_1_173' title='bbox 1588 2725 1754 2822; x_wconf 81' lang='lat' dir='ltr'>poenalem</span> <span class='ocrx_word' id='word_1_174' title='bbox 1776 2721 1975 2798; x_wconf 71' lang='lat' dir='ltr'>coassiouem</span> 
     </span>
     <span class='ocr_line' id='line_1_21' title="bbox 495 2818 1976 2922; baseline -0.002 -27"><span class='ocrx_word' id='word_1_175' title='bbox 495 2823 632 2921; x_wconf 86' lang='lat' dir='ltr'>quidem</span> <span class='ocrx_word' id='word_1_176' title='bbox 656 2820 858 2900; x_wconf 88' lang='lat' dir='ltr'>inhibendo,</span> <span class='ocrx_word' id='word_1_177' title='bbox 884 2818 940 2892; x_wconf 90' lang='lat' dir='ltr'>sed</span> <span class='ocrx_word' id='word_1_178' title='bbox 965 2819 1103 2893; x_wconf 85' lang='lat' dir='ltr'>subditis</span> <span class='ocrx_word' id='word_1_179' title='bbox 1124 2822 1290 2922; x_wconf 78' lang='lat' dir='ltr'>ipsis&#39;nil,</span> <span class='ocrx_word' id='word_1_180' title='bbox 1314 2823 1372 2898; x_wconf 86' lang='lat' dir='ltr'>nist</span> <span class='ocrx_word' id='word_1_181' title='bbox 1394 2825 1582 2897; x_wconf 86' lang='lat' dir='ltr'>libertatem</span> <span class='ocrx_word' id='word_1_182' title='bbox 1601 2849 1638 2895; x_wconf 94' lang='lat' dir='ltr'>ac</span> <span class='ocrx_word' id='word_1_183' title='bbox 1652 2822 1766 2894; x_wconf 85' lang='lat' dir='ltr'>flebile</span> <span class='ocrx_word' id='word_1_184' title='bbox 1785 2819 1976 2893; x_wconf 84' lang='lat' dir='ltr'>beneficium</span> 
     </span>
     <span class='ocr_line' id='line_1_22' title="bbox 435 2918 1978 3019; baseline -0.003 -25"><span class='ocrx_word' id='word_1_185' title='bbox 435 3001 441 3008; x_wconf 88' lang='lat'>..</span> <span class='ocrx_word' id='word_1_186' title='bbox 494 2924 725 3012; x_wconf 83' lang='lat' dir='ltr'>emigrationis</span> <span class='ocrx_word' id='word_1_187' title='bbox 749 2919 963 3009; x_wconf 90' lang='lat' dir='ltr'>indulgendo.</span> <span class='ocrx_word' id='word_1_188' title='bbox 1013 2924 1061 2990; x_wconf 87' lang='lat' dir='ltr'>Er</span> <span class='ocrx_word' id='word_1_189' title='bbox 1075 2923 1321 2997; x_wconf 76' lang='lat' dir='ltr'>Trunssslione</span> <span class='ocrx_word' id='word_1_190' title='bbox 1338 2928 1443 3019; x_wconf 84' lang='lat' dir='ltr'>igitur</span> <span class='ocrx_word' id='word_1_191' title='bbox 1462 2920 1669 3003; x_wconf 80' lang='lat' dir='ltr'>Passarienst,</span> <span class='ocrx_word' id='word_1_192' title='bbox 1697 2922 1825 2992; x_wconf 81' lang='lat' dir='ltr'>&amp;mox</span> <span class='ocrx_word' id='word_1_193' title='bbox 1840 2918 1978 2992; x_wconf 85' lang='lat' dir='ltr'>subsecu-</span> 
     </span>
     <span class='ocr_line' id='line_1_23' title="bbox 495 3014 1977 3116; baseline -0.002 -26"><span class='ocrx_word' id='word_1_194' title='bbox 495 3040 528 3090; x_wconf 91' lang='lat' dir='ltr'>ta</span> <span class='ocrx_word' id='word_1_195' title='bbox 542 3024 625 3091; x_wconf 90' lang='lat' dir='ltr'>Pace</span> <span class='ocrx_word' id='word_1_196' title='bbox 646 3014 811 3107; x_wconf 83' lang='lat' dir='ltr'>Religiosa</span> <span class='ocrx_word' id='word_1_197' title='bbox 830 3041 1039 3114; x_wconf 88' lang='lat' dir='ltr'>nequaquam</span> <span class='ocrx_word' id='word_1_198' title='bbox 1061 3020 1253 3095; x_wconf 80' lang='lat' dir='ltr'>liberum&amp;</span> <span class='ocrx_word' id='word_1_199' title='bbox 1274 3021 1409 3095; x_wconf 82' lang='lat' dir='ltr'>firmum</span> <span class='ocrx_word' id='word_1_200' title='bbox 1433 3023 1607 3116; x_wconf 82' lang='lat' dir='ltr'>religionis</span> <span class='ocrx_word' id='word_1_201' title='bbox 1629 3021 1827 3092; x_wconf 86' lang='lat' dir='ltr'>exercicium</span> <span class='ocrx_word' id='word_1_202' title='bbox 1850 3016 1977 3090; x_wconf 81' lang='lat' dir='ltr'>subditis</span> 
     </span>
     <span class='ocr_line' id='line_1_24' title="bbox 494 3110 1978 3219; baseline -0.003 -30"><span class='ocrx_word' id='word_1_203' title='bbox 494 3115 710 3189; x_wconf 79' lang='lat' dir='ltr'>constiturum</span> <span class='ocrx_word' id='word_1_204' title='bbox 726 3110 810 3194; x_wconf 87' lang='lat' dir='ltr'>fuit,</span> <span class='ocrx_word' id='word_1_205' title='bbox 838 3140 897 3186; x_wconf 87' lang='lat' dir='ltr'>nee</span> <span class='ocrx_word' id='word_1_206' title='bbox 914 3118 1038 3212; x_wconf 88' lang='lat' dir='ltr'>templa</span> <span class='ocrx_word' id='word_1_207' title='bbox 1053 3145 1089 3190; x_wconf 88' lang='lat' dir='ltr'>ac</span> <span class='ocrx_word' id='word_1_208' title='bbox 1105 3121 1251 3202; x_wconf 90' lang='lat' dir='ltr'>reditus,</span> <span class='ocrx_word' id='word_1_209' title='bbox 1279 3124 1411 3219; x_wconf 90' lang='lat' dir='ltr'>aliaque</span> <span class='ocrx_word' id='word_1_210' title='bbox 1436 3122 1609 3213; x_wconf 88' lang='lat' dir='ltr'>religionis</span> <span class='ocrx_word' id='word_1_211' title='bbox 1628 3119 1788 3189; x_wconf 83' lang='lat' dir='ltr'>exercitio</span> <span class='ocrx_word' id='word_1_212' title='bbox 1803 3141 1928 3188; x_wconf 83' lang='lat' dir='ltr'>annexa</span> <span class='ocrx_word' id='word_1_213' title='bbox 1943 3118 1978 3186; x_wconf 87' lang='lat' dir='ltr'>iir</span> 
     </span>
     <span class='ocr_line' id='line_1_25' title="bbox 496 3210 1977 3318; baseline -0.001 -31"><span class='ocrx_word' id='word_1_214' title='bbox 496 3210 594 3287; x_wconf 89' lang='lat' dir='ltr'>fuere</span> <span class='ocrx_word' id='word_1_215' title='bbox 608 3210 740 3296; x_wconf 77' lang='lat' dir='ltr'>relisis,</span> <span class='ocrx_word' id='word_1_216' title='bbox 761 3211 815 3283; x_wconf 90' lang='lat' dir='ltr'>sed</span> <span class='ocrx_word' id='word_1_217' title='bbox 831 3216 1040 3312; x_wconf 90' lang='lat' dir='ltr'>Principibus</span> <span class='ocrx_word' id='word_1_218' title='bbox 1057 3217 1089 3288; x_wconf 86' lang='lat' dir='ltr'>dt</span> <span class='ocrx_word' id='word_1_219' title='bbox 1107 3219 1270 3301; x_wconf 87' lang='lat' dir='ltr'>Statibus,</span> <span class='ocrx_word' id='word_1_220' title='bbox 1297 3223 1331 3291; x_wconf 92' lang='lat' dir='ltr'>in</span> <span class='ocrx_word' id='word_1_221' title='bbox 1347 3245 1493 3318; x_wconf 89' lang='lat' dir='ltr'>quorum</span> <span class='ocrx_word' id='word_1_222' title='bbox 1509 3221 1650 3312; x_wconf 86' lang='lat' dir='ltr'>gratiam</span> <span class='ocrx_word' id='word_1_223' title='bbox 1665 3216 1786 3288; x_wconf 86' lang='lat' dir='ltr'>cedere</span> <span class='ocrx_word' id='word_1_224' title='bbox 1798 3215 1977 3288; x_wconf 89' lang='lat' dir='ltr'>illaCatbo·</span> 
     </span>
     <span class='ocr_line' id='line_1_26' title="bbox 495 3308 1976 3414; baseline -0.001 -30"><span class='ocrx_word' id='word_1_225' title='bbox 495 3312 569 3384; x_wconf 89' lang='lat' dir='ltr'>licis</span> <span class='ocrx_word' id='word_1_226' title='bbox 582 3312 665 3383; x_wconf 91' lang='lat' dir='ltr'>duta</span> <span class='ocrx_word' id='word_1_227' title='bbox 684 3308 848 3384; x_wconf 81' lang='lat' dir='ltr'>neceffitas</span> <span class='ocrx_word' id='word_1_228' title='bbox 863 3312 1007 3386; x_wconf 84' lang='lat' dir='ltr'>extorsit.</span> <span class='ocrx_word' id='word_1_229' title='bbox 1058 3320 1121 3388; x_wconf 88' lang='lat' dir='ltr'>Per</span> <span class='ocrx_word' id='word_1_230' title='bbox 1136 3316 1229 3388; x_wconf 90' lang='lat' dir='ltr'>islam</span> <span class='ocrx_word' id='word_1_231' title='bbox 1247 3323 1365 3390; x_wconf 89' lang='lat' dir='ltr'>Pacem</span> <span class='ocrx_word' id='word_1_232' title='bbox 1383 3321 1541 3414; x_wconf 86' lang='lat' dir='ltr'>Princeps</span> <span class='ocrx_word' id='word_1_233' title='bbox 1557 3314 1589 3387; x_wconf 90' lang='lat' dir='ltr'>se</span> <span class='ocrx_word' id='word_1_234' title='bbox 1605 3315 1749 3386; x_wconf 91' lang='lat' dir='ltr'>liberum</span> <span class='ocrx_word' id='word_1_235' title='bbox 1765 3312 1976 3388; x_wconf 82' lang='lat' dir='ltr'>constituebat</span> 
     </span>
     <span class='ocr_line' id='line_1_27' title="bbox 496 3399 1975 3510; baseline 0 -28"><span class='ocrx_word' id='word_1_236' title='bbox 496 3407 667 3482; x_wconf 77' lang='lat' dir='ltr'>sectorum</span> <span class='ocrx_word' id='word_1_237' title='bbox 684 3399 941 3506; x_wconf 83' lang='lat' dir='ltr'>dispensatorem</span> <span class='ocrx_word' id='word_1_238' title='bbox 956 3437 992 3483; x_wconf 90' lang='lat' dir='ltr'>ac</span> <span class='ocrx_word' id='word_1_239' title='bbox 1001 3417 1207 3496; x_wconf 87' lang='lat' dir='ltr'>Dominum,</span> <span class='ocrx_word' id='word_1_240' title='bbox 1233 3414 1354 3488; x_wconf 88' lang='lat' dir='ltr'>subditi</span> <span class='ocrx_word' id='word_1_241' title='bbox 1371 3439 1487 3489; x_wconf 90' lang='lat' dir='ltr'>contra</span> <span class='ocrx_word' id='word_1_242' title='bbox 1503 3415 1575 3510; x_wconf 87' lang='lat' dir='ltr'>ejus</span> <span class='ocrx_word' id='word_1_243' title='bbox 1592 3409 1791 3485; x_wconf 84' lang='lat' dir='ltr'>fruebantur</span> <span class='ocrx_word' id='word_1_244' title='bbox 1804 3409 1975 3484; x_wconf 78' lang='lat' dir='ltr'>benefitiis.</span> 
     </span>
     <span class='ocr_line' id='line_1_28' title="bbox 496 3503 1977 3607; baseline -0.001 -28"><span class='ocrx_word' id='word_1_245' title='bbox 496 3511 590 3580; x_wconf 87' lang='lat' dir='ltr'>Hine</span> <span class='ocrx_word' id='word_1_246' title='bbox 606 3512 705 3580; x_wconf 89' lang='lat' dir='ltr'>eriam</span> <span class='ocrx_word' id='word_1_247' title='bbox 720 3509 761 3579; x_wconf 89' lang='lat' dir='ltr'>dc</span> <span class='ocrx_word' id='word_1_248' title='bbox 773 3511 857 3604; x_wconf 89' lang='lat' dir='ltr'>Jure</span> <span class='ocrx_word' id='word_1_249' title='bbox 874 3507 1110 3607; x_wconf 80' lang='lat' dir='ltr'>&amp;pollellioue</span> <span class='ocrx_word' id='word_1_250' title='bbox 1124 3512 1334 3586; x_wconf 88' lang='lat' dir='ltr'>subditorum</span> <span class='ocrx_word' id='word_1_251' title='bbox 1347 3518 1380 3585; x_wconf 89' lang='lat' dir='ltr'>in</span> <span class='ocrx_word' id='word_1_252' title='bbox 1396 3516 1448 3586; x_wconf 89' lang='lat' dir='ltr'>his</span> <span class='ocrx_word' id='word_1_253' title='bbox 1465 3513 1564 3585; x_wconf 89' lang='lat' dir='ltr'>rebus</span> <span class='ocrx_word' id='word_1_254' title='bbox 1579 3535 1687 3607; x_wconf 89' lang='lat' dir='ltr'>usque</span> <span class='ocrx_word' id='word_1_255' title='bbox 1698 3512 1739 3580; x_wconf 90' lang='lat' dir='ltr'>ad</span> <span class='ocrx_word' id='word_1_256' title='bbox 1753 3515 1875 3582; x_wconf 87' lang='lat' dir='ltr'>Pacem</span> <span class='ocrx_word' id='word_1_257' title='bbox 1883 3503 1977 3580; x_wconf 84' lang='lat' dir='ltr'>Wesl·</span> 
     </span>
     <span class='ocr_line' id='line_1_29' title="bbox 494 3605 1977 3778; baseline -0.001 -98"><span class='ocrx_word' id='word_1_258' title='bbox 494 3608 662 3778; x_wconf 89' lang='lat' dir='ltr'>phalicam</span> <span class='ocrx_word' id='word_1_259' title='bbox 686 3607 790 3678; x_wconf 89' lang='lat' dir='ltr'>altum</span> <span class='ocrx_word' id='word_1_260' title='bbox 813 3606 973 3680; x_wconf 91' lang='lat' dir='ltr'>habemus</span> <span class='ocrx_word' id='word_1_261' title='bbox 989 3607 1165 3685; x_wconf 82' lang='lat' dir='ltr'>silentium.</span> <span class='ocrx_word' id='word_1_262' title='bbox 1212 3612 1371 3708; x_wconf 86' lang='lat' dir='ltr'>Amplius</span> <span class='ocrx_word' id='word_1_263' title='bbox 1388 3613 1466 3685; x_wconf 89' lang='lat' dir='ltr'>dein</span> <span class='ocrx_word' id='word_1_264' title='bbox 1483 3610 1630 3683; x_wconf 89' lang='lat' dir='ltr'>libertati</span> <span class='ocrx_word' id='word_1_265' title='bbox 1656 3605 1866 3680; x_wconf 75' lang='lat' dir='ltr'>conscientia</span> <span class='ocrx_word' id='word_1_266' title='bbox 1883 3631 1920 3679; x_wconf 83' lang='lat' dir='ltr'>ae</span> <span class='ocrx_word' id='word_1_267' title='bbox 1933 3627 1977 3678; x_wconf 84' lang='lat' dir='ltr'>rr·</span> 
     </span>
     <span class='ocr_line' id='line_1_30' title="bbox 495 3701 2000 3908; baseline -0.013 -31"><span class='ocrx_word' id='word_1_268' title='bbox 495 3701 1322 3908; x_wconf 60' lang='lat' dir='ltr'>llil}lllllllllss²llll.ll¹llll¹llzl.;</span> <span class='ocrx_word' id='word_1_269' title='bbox 1333 3707 2000 3902; x_wconf 62' lang='lat' dir='ltr'>‘illlislllllll‘zlllsslll.</span> 
     </span>
     <span class='ocr_line' id='line_1_31' title="bbox 493 3901 1973 4005; baseline -0.002 -29"><span class='ocrx_word' id='word_1_270' title='bbox 493 3901 599 3976; x_wconf 89' lang='lat' dir='ltr'>bilem</span> <span class='ocrx_word' id='word_1_271' title='bbox 614 3929 679 3975; x_wconf 92' lang='lat' dir='ltr'>non</span> <span class='ocrx_word' id='word_1_272' title='bbox 696 3905 798 3974; x_wconf 89' lang='lat' dir='ltr'>modo</span> <span class='ocrx_word' id='word_1_273' title='bbox 814 3906 849 3975; x_wconf 88' lang='lat' dir='ltr'>io</span> <span class='ocrx_word' id='word_1_274' title='bbox 866 3904 986 3978; x_wconf 89' lang='lat' dir='ltr'>eodem</span> <span class='ocrx_word' id='word_1_275' title='bbox 999 3905 1074 3978; x_wconf 90' lang='lat' dir='ltr'>loco</span> <span class='ocrx_word' id='word_1_276' title='bbox 1089 3913 1374 4005; x_wconf 87' lang='lat' dir='ltr'>permanentiam,</span> <span class='ocrx_word' id='word_1_277' title='bbox 1398 3906 1454 3981; x_wconf 88' lang='lat' dir='ltr'>sed</span> <span class='ocrx_word' id='word_1_278' title='bbox 1471 3907 1503 3978; x_wconf 82' lang='lat' dir='ltr'>dt</span> <span class='ocrx_word' id='word_1_279' title='bbox 1519 3903 1583 3979; x_wconf 74' lang='lat' dir='ltr'>suae</span> <span class='ocrx_word' id='word_1_280' title='bbox 1603 3904 1777 3996; x_wconf 90' lang='lat' dir='ltr'>religionis</span> <span class='ocrx_word' id='word_1_281' title='bbox 1797 3905 1973 4002; x_wconf 80' lang='lat' dir='ltr'>impertur-</span> 
     </span>
    </p>

    <p class='ocr_par' dir='ltr' id='par_1_10' title="bbox 494 3995 1971 4106">
     <span class='ocr_line' id='line_1_32' title="bbox 494 3995 1971 4106; baseline -0.003 -31"><span class='ocrx_word' id='word_1_282' title='bbox 494 3999 606 4076; x_wconf 88' lang='lat' dir='ltr'>batam</span> <span class='ocrx_word' id='word_1_283' title='bbox 622 4000 827 4097; x_wconf 88' lang='lat' dir='ltr'>liberamque</span> <span class='ocrx_word' id='word_1_284' title='bbox 844 4001 978 4076; x_wconf 85' lang='lat' dir='ltr'>indulsit</span> <span class='ocrx_word' id='word_1_285' title='bbox 997 4002 1226 4102; x_wconf 79' lang='lat' dir='ltr'>possessronem</span> <span class='ocrx_word' id='word_1_286' title='bbox 1239 4009 1331 4104; x_wconf 75' lang='lat' dir='ltr'>juxta</span> <span class='ocrx_word' id='word_1_287' title='bbox 1349 4003 1383 4106; x_wconf 73' lang='lat' dir='ltr'>q.</span> <span class='ocrx_word' id='word_1_288' title='bbox 1404 4032 1461 4096; x_wconf 85' lang='lat'>31.</span> <span class='ocrx_word' id='word_1_289' title='bbox 1478 4013 1554 4077; x_wconf 86' lang='lat' dir='ltr'>Art.</span> <span class='ocrx_word' id='word_1_290' title='bbox 1572 4006 1635 4078; x_wconf 92' lang='lat' dir='ltr'>VI.</span> <span class='ocrx_word' id='word_1_291' title='bbox 1657 4006 1695 4074; x_wconf 93' lang='lat' dir='ltr'>P.</span> <span class='ocrx_word' id='word_1_292' title='bbox 1710 4007 1766 4074; x_wconf 90' lang='lat' dir='ltr'>W.</span> <span class='ocrx_word' id='word_1_293' title='bbox 1781 3998 1842 4074; x_wconf 90' lang='lat' dir='ltr'>sub</span> <span class='ocrx_word' id='word_1_294' title='bbox 1864 3995 1971 4094; x_wconf 79' lang='lat' dir='ltr'>infigas</span> 
     </span>
    </p>

    <p class='ocr_par' dir='ltr' id='par_1_11' title="bbox 495 4097 1972 4198">
     <span class='ocr_line' id='line_1_33' title="bbox 495 4097 1972 4198; baseline -0.006 -23"><span class='ocrx_word' id='word_1_295' title='bbox 495 4123 606 4175; x_wconf 89' lang='lat' dir='ltr'>tamen</span> <span class='ocrx_word' id='word_1_296' title='bbox 631 4100 692 4172; x_wconf 86' lang='lat' dir='ltr'>hac</span> <span class='ocrx_word' id='word_1_297' title='bbox 712 4098 930 4173; x_wconf 89' lang='lat' dir='ltr'>limitatione:</span> <span class='ocrx_word' id='word_1_298' title='bbox 957 4129 1105 4197; x_wconf 79' lang='lat' dir='ltr'>qnatenus</span> <span class='ocrx_word' id='word_1_299' title='bbox 1120 4106 1237 4198; x_wconf 72' lang='lat' dir='ltr'>subdiri</span> <span class='ocrx_word' id='word_1_300' title='bbox 1261 4111 1433 4197; x_wconf 83' lang='lat' dir='ltr'>religionem</span> <span class='ocrx_word' id='word_1_301' title='bbox 1448 4122 1646 4175; x_wconf 82' lang='lat' dir='ltr'>exercuerunt</span> <span class='ocrx_word' id='word_1_302' title='bbox 1667 4104 1703 4176; x_wconf 70' lang='lat' dir='ltr'>sd</span> <span class='ocrx_word' id='word_1_303' title='bbox 1717 4124 1839 4170; x_wconf 72' lang='lat' dir='ltr'>annexa</span> <span class='ocrx_word' id='word_1_304' title='bbox 1852 4097 1972 4194; x_wconf 65' lang='grc' dir='ltr'>Μαι·</span> 
     </span>
    </p>

    <p class='ocr_par' dir='ltr' id='par_1_12' title="bbox 493 4191 1970 4297">
     <span class='ocr_line' id='line_1_34' title="bbox 493 4191 1970 4297; baseline -0.001 -25"><span class='ocrx_word' id='word_1_305' title='bbox 493 4202 622 4275; x_wconf 76' lang='lat' dir='ltr'>runt&amp;</span> <span class='ocrx_word' id='word_1_306' title='bbox 643 4205 776 4269; x_wconf 74' lang='lat' dir='ltr'>exercita</span> <span class='ocrx_word' id='word_1_307' title='bbox 789 4201 964 4294; x_wconf 77' lang='lat' dir='ltr'>prffeffaque</span> <span class='ocrx_word' id='word_1_308' title='bbox 978 4204 1104 4295; x_wconf 77' lang='lat' dir='ltr'>mim</span> <span class='ocrx_word' id='word_1_309' title='bbox 1115 4223 1268 4297; x_wconf 77' lang='lat' dir='ltr'>prterunt.</span> <span class='ocrx_word' id='word_1_310' title='bbox 1318 4205 1372 4273; x_wconf 88' lang='lat' dir='ltr'>Sic</span> <span class='ocrx_word' id='word_1_311' title='bbox 1388 4202 1420 4273; x_wconf 87' lang='lat' dir='ltr'>dt</span> <span class='ocrx_word' id='word_1_312' title='bbox 1438 4200 1515 4273; x_wconf 88' lang='lat' dir='ltr'>alibi</span> <span class='ocrx_word' id='word_1_313' title='bbox 1536 4203 1569 4271; x_wconf 91' lang='lat' dir='ltr'>in</span> <span class='ocrx_word' id='word_1_314' title='bbox 1588 4198 1708 4270; x_wconf 83' lang='lat' dir='ltr'>iisdem</span> <span class='ocrx_word' id='word_1_315' title='bbox 1723 4201 1758 4270; x_wconf 91' lang='lat' dir='ltr'>P.</span> <span class='ocrx_word' id='word_1_316' title='bbox 1781 4201 1837 4267; x_wconf 90' lang='lat' dir='ltr'>W.</span> <span class='ocrx_word' id='word_1_317' title='bbox 1861 4191 1970 4270; x_wconf 75' lang='lat' dir='ltr'>rabulis</span> 
     </span>
    </p>

    <p class='ocr_par' dir='ltr' id='par_1_13' title="bbox 495 4292 1970 4396">
     <span class='ocr_line' id='line_1_35' title="bbox 495 4292 1970 4396; baseline -0.003 -27"><span class='ocrx_word' id='word_1_318' title='bbox 495 4295 538 4369; x_wconf 88' lang='lat' dir='ltr'>ad</span> <span class='ocrx_word' id='word_1_319' title='bbox 555 4321 622 4369; x_wconf 89' lang='lat' dir='ltr'>trcs</span> <span class='ocrx_word' id='word_1_320' title='bbox 637 4296 793 4369; x_wconf 81' lang='lat' dir='ltr'>duntaxat</span> <span class='ocrx_word' id='word_1_321' title='bbox 808 4299 1000 4391; x_wconf 88' lang='lat' dir='ltr'>Religiones</span> <span class='ocrx_word' id='word_1_322' title='bbox 1014 4303 1076 4396; x_wconf 89' lang='lat' dir='ltr'>Jus</span> <span class='ocrx_word' id='word_1_323' title='bbox 1091 4298 1298 4374; x_wconf 89' lang='lat' dir='ltr'>reformandi</span> <span class='ocrx_word' id='word_1_324' title='bbox 1308 4298 1497 4373; x_wconf 73' lang='lat' dir='ltr'>restrislum</span> <span class='ocrx_word' id='word_1_325' title='bbox 1514 4301 1668 4392; x_wconf 85' lang='lat' dir='ltr'>legimus.</span> <span class='ocrx_word' id='word_1_326' title='bbox 1694 4299 1748 4368; x_wconf 87' lang='lat' dir='ltr'>Sic</span> <span class='ocrx_word' id='word_1_327' title='bbox 1789 4297 1893 4368; x_wconf 89' lang='lat' dir='ltr'>ariter</span> <span class='ocrx_word' id='word_1_328' title='bbox 1903 4292 1970 4369; x_wconf 76' lang='lat' dir='ltr'>illis.</span> 
     </span>
    </p>

    <p class='ocr_par' dir='ltr' id='par_1_14' title="bbox 493 4388 1973 4497">
     <span class='ocr_line' id='line_1_36' title="bbox 493 4388 1973 4497; baseline -0.003 -31"><span class='ocrx_word' id='word_1_329' title='bbox 493 4399 555 4492; x_wconf 90' lang='lat' dir='ltr'>qui</span> <span class='ocrx_word' id='word_1_330' title='bbox 571 4393 644 4492; x_wconf 91' lang='lat' dir='ltr'>posl</span> <span class='ocrx_word' id='word_1_331' title='bbox 659 4419 780 4467; x_wconf 89' lang='lat' dir='ltr'>annum</span> <span class='ocrx_word' id='word_1_332' title='bbox 797 4398 1029 4470; x_wconf 79' lang='lat' dir='ltr'>Mucxxiv.</span> <span class='ocrx_word' id='word_1_333' title='bbox 1050 4399 1168 4482; x_wconf 88' lang='lat' dir='ltr'>aliam,</span> <span class='ocrx_word' id='word_1_334' title='bbox 1192 4423 1295 4497; x_wconf 87' lang='lat' dir='ltr'>quam</span> <span class='ocrx_word' id='word_1_335' title='bbox 1318 4424 1393 4496; x_wconf 80' lang='lat' dir='ltr'>quae</span> <span class='ocrx_word' id='word_1_336' title='bbox 1409 4397 1501 4470; x_wconf 73' lang='lat' dir='ltr'>(lisso</span> <span class='ocrx_word' id='word_1_337' title='bbox 1517 4421 1603 4468; x_wconf 91' lang='lat' dir='ltr'>anno</span> <span class='ocrx_word' id='word_1_338' title='bbox 1622 4399 1656 4466; x_wconf 92' lang='lat' dir='ltr'>in</span> <span class='ocrx_word' id='word_1_339' title='bbox 1673 4392 1731 4465; x_wconf 88' lang='lat' dir='ltr'>usu</span> <span class='ocrx_word' id='word_1_340' title='bbox 1764 4415 1880 4476; x_wconf 82' lang='lat' dir='ltr'>uerat,</span> <span class='ocrx_word' id='word_1_341' title='bbox 1905 4388 1973 4464; x_wconf 87' lang='lat' dir='ltr'>reli·</span> 
     </span>
    </p>
   </div>
   <div class='ocr_carea' id='block_1_10' title="bbox 494 4489 1982 4607">
    <p class='ocr_par' dir='ltr' id='par_1_15' title="bbox 494 4489 1982 4607">
     <span class='ocr_line' id='line_1_37' title="bbox 494 4489 1982 4607; baseline -0.003 -43"><span class='ocrx_word' id='word_1_342' title='bbox 494 4497 630 4587; x_wconf 81' lang='lat' dir='ltr'>gionem</span> <span class='ocrx_word' id='word_1_343' title='bbox 645 4493 787 4607; x_wconf 81' lang='lat' dir='ltr'>amplexi</span> <span class='ocrx_word' id='word_1_344' title='bbox 804 4517 897 4566; x_wconf 88' lang='lat' dir='ltr'>crant</span> <span class='ocrx_word' id='word_1_345' title='bbox 916 4519 972 4566; x_wconf 89' lang='lat' dir='ltr'>aut</span> <span class='ocrx_word' id='word_1_346' title='bbox 988 4497 1254 4594; x_wconf 78' lang='lat' dir='ltr'>ampleslentur,</span> <span class='ocrx_word' id='word_1_347' title='bbox 1280 4501 1409 4568; x_wconf 87' lang='lat' dir='ltr'>ratione</span> <span class='ocrx_word' id='word_1_348' title='bbox 1432 4499 1525 4593; x_wconf 73' lang='lat' dir='ltr'>jutis</span> <span class='ocrx_word' id='word_1_349' title='bbox 1540 4495 1593 4567; x_wconf 83' lang='lat' dir='ltr'>rel</span> <span class='ocrx_word' id='word_1_350' title='bbox 1610 4489 1804 4564; x_wconf 79' lang='lat' dir='ltr'>nercsbtatis</span> <span class='ocrx_word' id='word_1_351' title='bbox 1818 4494 1982 4586; x_wconf 83' lang='lat' dir='ltr'>emigran-</span> 
     </span>
    </p>
   </div>
   <div class='ocr_carea' id='block_1_11' title="bbox 494 4583 2000 4764">
    <p class='ocr_par' dir='ltr' id='par_1_16' title="bbox 494 4583 2000 4764">
     <span class='ocr_line' id='line_1_38' title="bbox 494 4583 2000 4762; baseline -0.004 -97"><span class='ocrx_word' id='word_1_352' title='bbox 494 4591 531 4665; x_wconf 90' lang='lat' dir='ltr'>di</span> <span class='ocrx_word' id='word_1_353' title='bbox 547 4592 638 4668; x_wconf 80' lang='lat' dir='ltr'>tarir</span> <span class='ocrx_word' id='word_1_354' title='bbox 651 4612 719 4666; x_wconf 82' lang='lat' dir='ltr'>tem</span> <span class='ocrx_word' id='word_1_355' title='bbox 736 4593 858 4666; x_wconf 85' lang='lat' dir='ltr'>intuitu</span> <span class='ocrx_word' id='word_1_356' title='bbox 873 4613 1010 4687; x_wconf 84' lang='lat' dir='ltr'>retum,</span> <span class='ocrx_word' id='word_1_357' title='bbox 1035 4619 1139 4694; x_wconf 88' lang='lat' dir='ltr'>quatu</span> <span class='ocrx_word' id='word_1_358' title='bbox 1159 4593 1315 4702; x_wconf 74' lang='lat' dir='ltr'>respeslu</span> <span class='ocrx_word' id='word_1_359' title='bbox 1331 4592 1551 4693; x_wconf 86' lang='lat' dir='ltr'>personarum</span> <span class='ocrx_word' id='word_1_360' title='bbox 1572 4587 1734 4667; x_wconf 77' lang='lat' dir='ltr'>beneficia</span> <span class='ocrx_word' id='word_1_361' title='bbox 1753 4585 1854 4668; x_wconf 84' lang='lat' dir='ltr'>suere</span> <span class='ocrx_word' id='word_1_362' title='bbox 1874 4583 2000 4762; x_wconf 49' lang='grc' dir='ltr'>ὶιιὰιῐιιὶ·</span> 
     </span>
     <span class='ocr_line' id='line_1_39' title="bbox 1977 4716 2000 4764; baseline 0 0"><span class='ocrx_word' id='word_1_363' title='bbox 1977 4716 2000 4764; x_wconf 77' lang='grc' dir='ltr'>ι</span> 
     </span>
    </p>
   </div>
   <div class='ocr_carea' id='block_1_12' title="bbox 0 0 2483 5556">
    <p class='ocr_par' dir='ltr' id='par_1_17' title="bbox 0 0 2483 5556">
     <span class='ocr_line' id='line_1_40' title="bbox 0 0 2483 5556; baseline 0 0"><span class='ocrx_word' id='word_1_364' title='bbox 0 0 2483 5556; x_wconf 95' lang='lat' dir='ltr'> </span> 
     </span>
    </p>
   </div>
  </div>
 </body>
</html>
