4950 5567
426 621 560 722 '2⁶2
661 652 666 663 ·
772 615 775 628 '
944 591 1607 716 ntssnnrnsrto*
1715 639 1728 682 ·.

490 815 622 896 XLlll.
647 812 711 893 Ex
730 812 872 889 rarione
893 812 1068 889 nimirum
1085 811 1177 916 aqui
1200 807 1248 889 l?
1268 801 1379 895 boni,
1404 821 1511 910 atquc
1525 818 1569 882 ut
1584 799 1914 901 tauromenum
1924 822 1993 906 per

570 974 572 977 >
689 910 829 989 condem
841 914 949 988 comis
964 910 1278 1011 utriusquepartis
1294 905 1486 1004 diffidentis
1516 901 1787 983 Colabitotioco
1804 903 1994 1000 nservare·

691 1027 777 1100 tur,
805 1009 1018 1088 Simultaaei
1028 1007 1131 1084 crudi
1144 1000 1818 1100 conditio-astirnandaexistimabatur.

498 1149 635 1232 XLIV.
660 1147 754 1249 ‚Qua
770 1149 867 1222 ratio
889 1143 1145 1260 Simultaueum
1165 1142 1374 1259 inparium,
1387 1138 1469 1257 fiee
1481 1135 1609 1213 nudam
1624 1137 1826 1254 Religionis
1842 1136 1994 1250 Domini

695 1249 737 1323 in
761 1244 854 1337 loca,
885 1240 1075 1337 adrvcrsa.
1093 1241 1294 1346 Religionis
1316 1233 1479 1315 Suldrtrs
1501 1238 1613 1312 Anno
1634 1236 1805 1315 Normalt
1827 1229 1993 1312 taboram

697 1367 775 1420 curn
793 1340 1302 1460 construtlioncscparuturam
1320 1334 1992 1440 Ecclestarumziutrodudio'nemneqsao-

698 1465 803 1550 quam
826 1457 997 1546 attingit.
1777 1503 1780 1508 -

497 1575 615 1656 XLV.
637 1577 909 1774 Argffrlengum
927 1600 975 1652 esc
990 1572 1152 1652 Litteris
1166 1551 1307 1652 Circuli
1324 1569 1498 1653 Saxonici
1517 1573 1707 1672 inferioris
1724 1561 1912 1667 refertur,
1946 1569 1992 1654 θ’

719 1705 733 1751 ι
759 1703 833 1753 ova
854 1702 912 1752 ur.

497 1813 636 1891 XLVl.
661 1813 766 1892 Aliis
779 1813 1000 1918 argumentis
1010 1813 1214 1913 generatim
1231 1809 1278 1891 θ’
1296 1807 1467 1910 rcmtffivc
1481 1806 1717 1910 respondetur.
1963 1925 1974 1936 .

497 1949 651 2026 XLVll.
677 1952 944 2052 Argumentum
973 1970 1021 2020 ex
1030 1944 1268 2049 prafigurato
1292 1941 1482 2024 turbarum
1495 1942 1666 2048 periculo·
1680 1938 1861 2018 denudum
1884 1933 1993 2038 refer·

695 2061 771 2124 tur.

495 2175 671 2258 XLVlll.
699 2176 810 2280 Quod
826 2192 993 2280 tanquam
1009 2177 1152 2253 unicum
1166 2203 1190 2253 a
1204 2173 1417 2255 Dollorilns
1436 2162 1614 2254 hodiernis
1628 2170 1876 2271 solidioribus,
1898 2165 1991 2248 habi·

697 2276 826 2353 tualcm
828 2279 966 2368 statum
979 2281 1086 2351 Anni
1099 2277 1287 2354 Narmolis
1300 2303 1370 2354 non
1380 2276 1562 2352 admodum
1568 2271 1823 2376 probantibus,
1847 2270 1991 2372 adopta·

695 2390 772 2564 ull
776 2371 1119 2548 peltcmsulstantia
1133 2375 1348 2454 Simultaaei
1360 2379 1506 2454 innoxii
1516 2371 1702 2452 catholiea
1713 2372 1915 2476 Religionis
1922 2392 1990 2450 nott

696 2500 715 2548 o
766 2501 818 2549 a.
1695 2507 1718 2532 -·

497 2602 626 2698 XLIX.
653 2604 942 2783 Quidlqogodnec
950 2607 1605 2688 rituumcxternorummoderationem
1608 2609 1737 2705 strillo
1738 2601 1990 2709 jarentona

695 2733 814 2783 corner
836 2762 846 2783 .

495 2833 539 2917 L.
588 2835 741 2941 Aayctla
748 2838 1014 2938 principiorum
1025 2837 1241 2941 quorundam
1256 2842 1514 2946 irregularium
1528 2844 1569 2917 in
1583 2841 1696 2918 Anti
1712 2834 1989 2920 Vindiciisllil·

693 2933 889 3034 defienfilus
893 2953 1083 3042 perperam
1091 2937 1418 3044 prusupprfitorum
1433 2941 1579 3046 epicrist
1586 2939 1821 3021 concluditur.

1188 3188 1221 3279 §.
1271 3185 1302 3264 1.

350 3373 482 3460 nigror„
498 3287 732 3531 Postquam
760 3357 927 3437 funestum
947 3362 1134 3457 Religionis
1159 3361 1325 3437 diffidium
1346 3362 1382 3438 in
1403 3361 1573 3440 universes
1596 3359 1687 3450 fere,
1710 3389 1777 3464 qut
1794 3361 1862 3437 late
1884 3381 1987 3463 patet,

350 3464 476 3529 etmania
603 3464 745 3557 Imperii
759 3467 932 3535 Romano·
949 3466 1143 3541 Germanici
1163 3489 1269 3538 terras
1288 3462 1457 3538 inveilum
1480 3469 1588 3536 Status
1603 3464 1643 3535 ab
1659 3469 1889 3562 Imperatore,
1915 3486 1987 3537 eoe-

472 3649 477 3656 .
499 3560 646 3652 (lemque
668 3563 755 3633 inter
769 3559 853 3645 sese,
885 3559 1035 3636 subditos
1050 3587 1068 3632 a
1086 3561 1231 3636 statibus
1249 3614 1259 3645 ,
1290 3566 1371 3661 quin
1389 3561 1583 3636 &subditos
1600 3561 1794 3644 asubditis,
1825 3563 1986 3634 anteiret

496 3659 675 3741 aeivibns,
699 3662 813 3757 iraque
837 3684 941 3734 totam
960 3663 1177 3733 Germaniam
1197 3688 1216 3732 a
1233 3660 1266 3733 se
1286 3660 1501 3760 ipsadivilt13
1528 3683 1565 3734 ut
1588 3661 1656 3758 ipso
1676 3662 1733 3734 illa
1753 3665 1788 3731 in
1808 3659 1987 3753 Religione

498 3755 647 3831 dissenfin
676 3784 800 3832 mutua
815 3763 918 3832 torius
934 3759 1129 3858 corporis&
1144 3761 1376 3833 membrorum
1392 3763 1480 3834 inter
1494 3758 1526 3832 se
1540 3762 1674 3842 unioni,
1699 3762 1753 3832 vix
1769 3783 1836 3830 non
1851 3760 1987 3856 penitus

495 3858 564 3954 jam
584 3853 763 3939 dillblutae,
791 3858 926 3954 posthae
943 3885 1009 3930 non
1024 3860 1166 3953 amplius
1181 3857 1322 3942 obesset,
1347 3882 1533 3930 extremum
1550 3860 1630 3930 eliae
1650 3858 1700 3930 illi
1714 3860 1852 3932 exitium
1869 3855 1985 3927 allant·

496 3980 553 4040 ra3
578 3954 710 4049 Religio
734 3958 868 4040 eadem,
892 3959 976 4031 nulli
1000 3957 1078 4030 lieet
1101 3958 1278 4030 hominum
1301 3954 1505 4055 dispofirioni
1526 3956 1716 4030 &arbitrio
1733 3982 1771 4030 ex
1793 3952 1910 4028 indole
1927 3951 1985 4027 sut

495 4051 661 4152 subjello,
686 4056 797 4155 quoad
813 4055 889 4129 suos
911 4082 1022 4130 tamen
1043 4051 1183 4130 offellus
1205 4079 1358 4127 externos
1380 4043 1558 4126 Palloru'm
1580 4057 1738 4128 materies
1759 4049 1812 4127 fre
1838 4045 1983 4125 uentiffi·

351 4184 482 4248 wgo,
500 4177 557 4225 ma
585 4151 693 4226 evafit.
743 4159 821 4226 Nee
841 4157 930 4228 enim
951 4157 1048 4228 aliter
1067 4151 1290 4226 dissentientes
1305 4157 1392 4225 inter
1409 4149 1474 4226 sese
1493 4157 1595 4225 antimi
1608 4155 1796 4234 conciliari,
1815 4077 1850 4223 dt
1866 4173 1985 4223 mutua

365 4265 482 4346 specta.
496 4251 711 4346 Religionum
724 4256 806 4349 Juro
822 4254 973 4327 ordinari
996 4249 1092 4326 facile
1114 4262 1290 4350 poterant,
1315 4250 1374 4323 nist
1397 4249 1514 4349 sponte
1531 4249 1590 4348 ipss
1613 4250 1669 4323 sua
1689 4253 1799 4323 denuo
1822 4245 1984 4322 coalesce-

350 4345 446 4447 l¹allls
494 4376 591 4442 rent,
618 4351 650 4423 dc
665 4349 822 4424 consensu
837 4376 955 4424 mutuo
970 4353 1011 4423 ad
1025 4376 1124 4423 unam
1138 4349 1251 4425 saltem
1265 4347 1455 4423 societatem
1470 4351 1621 4433 civilem,
1643 4349 1809 4422 servande
1826 4345 1984 4443 quieti&

350 4446 461 4502 ΠΜ·
493 4451 624 4523 t'uendae
647 4451 880 4550 tranquillitati
904 4450 1045 4548 publicae
1068 4471 1202 4532 natam,
1225 4452 1459 4532 teunirentur,
1484 4452 1636 4545 quamvis
1659 4451 1692 4520 in
1716 4447 1770 4519 sua
1789 4451 1904 4517 Deum
1927 4469 1984 4519 eo·

492 4547 583 4620 lendi
606 4554 753 4631 ratione,
780 4549 892 4633 ociis,
922 4573 1004 4645 quas
1031 4547 1150 4620 diversi
1176 4547 1321 4622 diversas
1343 4545 1402 4620 fibi
1426 4545 1677 4645 persuaserant,
1709 4545 1822 4620 solutis
1847 4565 1984 4619 aetetnae

492 4644 733 4746 consequenda
748 4648 831 4735 viia,
848 4643 1033 4743 longissime
1047 4671 1066 4722 a
1080 4644 1147 4724 sese
1160 4649 1307 4726 invicem
1322 4645 1481 4745 diajunlli
1494 4644 1719 4747 persisterent.
1877 4744 1897 4836 9
1933 4741 1971 4813 Π
