4950 5567
602 611 679 694 ns
700 610 994 690 sacros-un
1018 571 1213 692 utenss.
1239 606 1298 688 nv
1322 607 1570 692 constan.
1595 614 1762 696 coitu.
1779 615 1845 699 ac.
1902 641 1973 725 285

477 799 524 876 rii
539 819 600 872 aut
615 794 743 876 velinr',
764 815 821 867 aut
838 795 996 894 expedire
1013 781 1071 868 sthi
1087 793 1257 891 judicent3
1281 818 1343 868 nec
1359 793 1583 870 Hildesienses
1597 796 1752 898 Episcopi
1775 799 1933 878 haslenus
1950 835 1967 878 a
1982 809 2093 876 corum

480 897 664 992 bagejam
688 914 861 992 tempore,
884 899 998 968 minus
1018 895 1120 968 hodie
1142 891 1287 991 idipsum
1313 895 1553 968 omnimode&
1574 899 1802 970 vehementius
1826 927 1964 998 praeten-
1981 887 2125 995 smmum,

480 995 554 1070 clerc
573 993 766 1068 videantur.
813 995 858 1065 Et
878 993 956 1067 licet
983 987 1229 1074 Anteceslores,
1251 987 1342 1064 seda
1360 989 1559 1088 paucissimis
1580 994 1734 1068 duntaxat
1766 1001 1964 1094 quibusdam
1979 967 2014 1032 ἃ
2030 993 2125 1076 ΡΨ

479 1093 634 1174 subditis,
660 1113 701 1162 eo
715 1085 816 1191 super
831 1094 942 1189 capite
956 1090 1055 1162 delati
1072 1090 1243 1187 quondam
1260 1085 1403 1172 fuerint3
1429 1093 1534 1187 quieti
1548 1115 1659 1164 tamen
1671 1092 1876 1169 subditorum
1886 1125 1960 1194 pro
1978 1059 2125 1201 flgfieffl'

480 1191 551 1270 ride
565 1185 759 1272 consulere,
777 1209 939 1286 quantum
952 1213 1112 1288 potuere,
1138 1185 1351 1268 conatisunr,
1376 1190 1469 1281 digni
1484 1213 1681 1288 propterea,
1707 1193 1826 1289 quibus
1843 1196 1874 1267 dr
1892 1195 1960 1268 sirb-
1977 1161 2123 1292 refestulg

477 1290 538 1368 diti
551 1293 586 1362 in
604 1287 739 1384 reliquo
754 1291 919 1383 aequitatis
933 1293 1065 1384 potius.
1091 1311 1191 1383 quam
1208 1283 1313 1358 sirisii
1325 1285 1428 1358 debiti
1440 1292 1604 1360 rationem
1619 1287 1798 1373 habentes,
1820 1299 1964 1387 morige-

479 1413 547 1466 ram
561 1379 703 1462 vicissim
717 1383 895 1459 exhibeant
908 1385 1231 1483 promptitudinem,
1255 1383 1396 1458 fimilcm
1419 1411 1486 1458 non
1509 1388 1621 1458 minus
1643 1385 1836 1460 benevolam
1859 1417 1967 1489 tequa-

478 1491 668 1562 aimiratem
684 1507 702 1554 a
716 1486 867 1556 Domino
882 1483 1101 1556 Territorisli
1122 1487 1157 1554 in
1180 1483 1253 1554 altis
1270 1479 1488 1578 erpesiaturi.
1536 1489 1572 1558 si
1589 1488 1858 1560 coemeteriorum
1883 1517 1968 1589 quo.

479 1585 622 1662 tundam
637 1584 833 1656 communio
846 1575 980 1654 offense
994 1579 1072 1677 ipsis
1089 1581 1121 1656 dr
1138 1583 1354 1655 incommodo
1373 1579 1436 1654 esse
1451 1581 1624 1670 videatur,
1645 1584 1900 1658 reminiscantur
1907 1614 1969 1684 po·

480 1687 563 1770 rivis,
589 1679 677 1754 nihil
691 1704 753 1778 per
767 1679 853 1753 hanc
867 1680 1028 1752 realitatis
1044 1677 1121 1777 ipss
1137 1679 1319 1764 decedere,
1343 1705 1381 1752 sc
1402 1684 1547 1754 rationes
1572 1681 1669 1764 illas,
1689 1709 1793 1780 quare
1810 1685 1968 1758 Ecclesia·

481 1807 552 1858 rum
569 1783 778 1854 Communia
792 1774 870 1876 ipsis
886 1801 953 1850 tam
969 1775 1105 1852 adversa
1120 1780 1225 1875 quieti
1243 1777 1277 1852 dt
1292 1780 1525 1875 tranquillitati
1539 1802 1681 1864 mutue,
1707 1781 1857 1879 adeoque
1873 1787 1967 1856 Pacis

481 1877 655 1980 ipsiusmet
669 1873 827 1950 sansiioni
844 1877 1013 1958 videatur,
1040 1879 1182 1949 maxima
1195 1902 1234 1948 er
1248 1899 1344 1974 parte
1358 1873 1487 1950 cessare.
1563 1879 1678 1950 Multo
1693 1882 1821 1975 quippe
1835 1875 1966 1954 facilius

482 1977 524 2054 est
537 1999 697 2050 mortuos
718 1969 854 2048 diversae
869 1974 1063 2068 Religioni,
1093 1971 1174 2046 dum
1200 1977 1235 2045 in
1259 1977 1342 2049 vivis
1359 1976 1537 2068 degerent,
1561 1973 1711 2047 addisios
1728 1981 1816 2048 inter
1836 1977 1868 2051 sc
1883 1983 1967 2052 invi·

482 2097 549 2150 cem
567 2069 759 2173 quiescere,
792 2098 893 2170 quam
916 2077 984 2146 vivi
1002 2069 1183 2146 coexisicre
1204 2072 1383 2169 tranquille
1401 2077 1436 2145 in
1455 2075 1574 2148 eodem
1596 2075 1723 2170 templo
1741 2075 1853 2148 velint.
1920 2081 1965 2152 Er

483 2175 596 2346 ipique
613 2170 911 2340 certeffconcivisbps
927 2171 1222 2338 Catholicisdtqrrs
1241 2172 1467 2339 inquererur,
1493 2171 1614 2286 quibua
1631 2173 1765 2340 Cstelunpl
1783 2170 1815 2246 se
1832 2179 1965 2344 prchari
2071 2260 2079 2272 ι

528 2295 696 2344 voveres
723 2292 819 2340 erere
853 2293 961 2351 oenr,
987 2292 1020 2340 at
1047 2294 1087 2341 ue
1129 2290 1239 2342 cent.
1364 2295 1405 2341 uc
1427 2294 1468 2342 eo
1489 2296 1541 2342 ma
1568 2297 1615 2354 ts,
1650 2294 1741 2342 tran
1768 2297 1821 2342 ens
1855 2301 1874 2342 u
1924 2297 1963 2346 ιιι

484 2367 682 2464 Augvrslanae
698 2359 901 2440 Confesstoni
913 2293 1170 2438 addissieorum
1186 2291 1360 2452 locorum?
1379 2370 1414 2436 in
1453 2295 1801 2440 uibusgsolicatholici
1820 2372 1964 2444 inAnno

485 2465 645 2542 Narmali
667 2457 858 2564 possessione
873 2468 1145 2538 coemeteriorum
1162 2465 1328 2561 privative
1349 2393 1450 2556 gavisi
1475 2460 1628 2546 fuerant,
1653 2466 1769 2536 incole
1791 2463 1963 2540 similema

486 2563 665 2640 Catholicis
680 2567 870 2662 aequitatem
887 2565 1115 2662 experiantur.
1162 2561 1269 2642 Illud,
1295 2560 1388 2658 quod
1406 2566 1561 2634 innoxium
1579 2585 1717 2644 vocant,
1744 2569 1963 2635 Simultaneunt
1989 2561 2038 2625 Ad
2052 2560 2125 2630 Inar

485 2685 581 2762 quam
597 2662 684 2735 bene
699 2687 775 2735 cum
799 2663 861 2733 hac
876 2657 1028 2734 Receffus
1045 2655 1198 2759 predisii
1216 2656 1419 2730 Brunsvico·
1431 2656 1645 2732 Hildefiensrs
1658 2658 1840 2731 abolitione
1855 2662 1957 2776 cehe·
1976 2647 2121 2792 {3335

1976 2814 2125 2892 converti

485 2785 570 2845 reat,
597 2759 747 2857 indeque
767 2763 880 2858 potius
900 2755 1072 2842 firmetur,
1098 2755 1272 2830 ostendere
1294 2756 1397 2828 modo
1416 2761 1546 2830 animus
1566 2753 1624 2828 est.
1675 2758 1728 2826 De
1745 2761 1835 2828 trudo
1857 2782 1950 2830 neuu

489 2883 582 2957 quant
596 2853 749 2940 solliciti,
775 2860 810 2927 in
824 2857 883 2929 illo
899 2854 1067 2930 liLeslori
1085 2854 1254 2928 Benevola
1273 2849 1549 2937 satisfecerimus,
1574 2851 1659 2925 nihil
1682 2851 1747 2934 esl,
1776 2855 1866 2949 quod
1881 2880 1960 2950 ope·
1978 2900 2041 2956 tur.

487 2981 530 3030 ιε
544 2955 644 3052 hujus
660 2980 702 3027 eo
724 2958 875 3048 gnaviter
898 2955 1068 3028 collocatae
1085 2952 1328 3051 paenitudinem
1348 2955 1383 3023 in
1402 2954 1550 3025 animum
1572 2951 1657 3022 miln
1676 2950 1835 3024 inducere
1855 2950 1962 3049 possit.

485 3063 595 3153 Atque
611 3055 675 3126 hoc
692 3077 759 3124 tam
773 3051 940 3149 Episcopo
956 3048 1171 3134 Hildesienfi,
1197 3073 1299 3148 quam
1321 3048 1461 3146 reliquis
1476 3049 1622 3122 Staribus
1639 3047 1892 3146 quibuscunque
1906 3043 1964 3122 sal·

484 3177 560 3226 vum
587 3145 653 3224 esse
678 3147 819 3228 debere.
846 3175 885 3221 ex
909 3149 981 3248 ipsa
1005 3151 1061 3222 illa
1086 3171 1154 3223 tam
1175 3141 1421 3230 confessionis,
1452 3172 1554 3247 quam
1579 3147 1769 3218 abolitionis
1784 3147 1964 3222 Paelorum

484 3243 759 3332 Hildesienstum,
788 3248 937 3345 &hujus
960 3273 1062 3346 quam
1083 3250 1225 3322 maxime
1239 3241 1392 3320 Receslus
1409 3242 1836 3322 Banasam-Hildebertus
1850 3245 1965 3321 Histo·

485 3353 533 3424 tir
557 3343 658 3423 sacile
680 3344 936 3422 demonstratur.

1107 3509 1347 3608 §.xxvi

529 3656 582 3729 Ac
601 3649 752 3749 primum
773 3646 911 3749 quidem
925 3669 1158 3743 argumentum
1178 3644 1249 3745 ipsa
1270 3643 1448 3721 Pellaeum
1467 3640 1605 3719 illorum
1624 3637 1793 3719 conseslio
1813 3639 1966 3743 suppedi·
1981 3645 2125 3720 eanheri

484 3767 548 3836 tat,
574 3752 657 3824 dum
672 3775 748 3822 anre
761 3755 879 3821 Pacem
896 3748 1155 3845 Wellphalicam
1171 3745 1315 3818 liberum
1332 3745 1440 3818 adhuc
1453 3748 1514 3843 Jus
1531 3741 1737 3816 reformandi
1752 3747 1784 3814 vi
1799 3750 1890 3817 Pacis
1905 3750 1964 3818 Re·
1983 3733 2125 3834 P³sl9¹⁰¹

483 3847 626 3946 ligiosae‚
650 3849 761 3946 quoad
778 3849 862 3919 duos
877 3846 990 3919 saltem
1006 3841 1164 3925 effeslus,
1187 3849 1348 3937 expellendi
1364 3841 1486 3916 scilicet
1502 3843 1642 3913 alienam
1657 3838 1913 3927 dissentientem,
1933 3835 2020 3960 &Bi
2035 3837 2123 3878 “¹¹⁰⁰

483 3945 574 4022 susm
598 3949 808 4019 introducendi
828 3947 985 4016 Dominis
1007 3940 1288 4015 Territorialibus
1306 3937 1432 4013 salvum
1455 3937 1548 4011 suilse
1576 3936 1777 4022 ostendunt,
1813 3944 1964 4037 quamvis
1978 3899 2125 4050 JJffsoerg

482 4049 603 4121 tertius
619 4043 710 4115 illius
728 4037 888 4124 effecius,
919 4041 1043 4115 scilicet
1059 4043 1179 4134 regende
1203 4038 1440 4132 &rampesendi
1461 4042 1568 4132 poenis
1583 4035 1837 4133 quibuscunque
1857 4035 1963 4108 subdi·
1979 4059 2124 4122 s0„„„,d

482 4165 535 4218 tos
557 4139 782 4216 dissentientes
807 4139 848 4210 ad
868 4137 1082 4212 deserendam
1107 4137 1215 4219 suam,
1243 4137 1278 4207 dr
1300 4129 1565 4234 ampleslendam
1591 4138 1730 4206 Domini
1752 4136 1963 4226 Religionem
1979 4143 2125 4222 amplitu-

483 4241 601 4314 ctdem
619 4240 688 4336 jam
701 4237 827 4310 dudum
845 4238 1021 4334 ademptus
1037 4235 1070 4306 dt
1086 4234 1230 4306 sublatus
1247 4230 1360 4306 suerit.
1411 4232 1450 4302 ld
1466 4229 1555 4301 enim
1571 4227 1678 4303 Pallia
1692 4231 1846 4304 obtinere
1861 4231 1964 4302 modo
1979 4222 2083 4323 amaru
2094 4227 2125 4324 lfa

481 4339 604 4414 subditi
625 4333 811 4410 allaborare
828 4335 1029 4416 debuerant,
1053 4333 1144 4430 quod
1160 4335 1250 4424 Lege
1267 4331 1399 4427 publica
1414 4328 1480 4399 illis
1496 4353 1562 4400 non
1585 4328 1777 4403 debebatur.
1824 4332 1867 4399 Et
1885 4352 1963 4399 cum
1977 4305 2125 4390 ⁰¹¹l⁶¹¹ll¹l

2058 4411 2118 4452 olr-

483 4463 522 4510 cx
537 4444 621 4511 Pace
637 4434 802 4526 Religiosa
817 4428 1025 4504 securitatem
1044 4431 1076 4502 dr
1093 4433 1337 4502 immunitatem
1353 4453 1371 4499 a
1387 4429 1492 4524 poenis
1513 4427 1693 4506 haberent,
1719 4424 1900 4520 expulsioni
1919 4449 1963 4497 ra·
1980 4407 2115 4536 fherrcrem

482 4559 635 4609 mensur
653 4534 883 4624 emigrationis
899 4527 996 4625 jullui
1015 4526 1169 4612 obnoxii,
1199 4528 1233 4598 dr
1255 4529 1349 4598 omni
1369 4522 1502 4608 debito,
1528 4523 1706 4596 secundum
1727 4523 1876 4616 ejusdem
1892 4518 1960 4594 for·
1981 4553 2125 4622 ostam

481 4633 610 4710 mulam
625 4683 636 4722 ,
660 4630 818 4712 exercitio
832 4627 978 4708 destituti
993 4651 1057 4726 per
1072 4623 1170 4703 Pesla
1185 4620 1377 4796 fi‘msq‘mm
1392 4645 1493 4720 atque
1509 4622 1790 4721 permanentiam,
1815 4619 1963 4790 &quan-

1306 4747 1328 4794 n
1354 4747 1371 4818 3
1876 4742 1966 4818 oque
