4950 5567
365 1267 367 1272 -
506 1213 651 1312 ptaebuit
673 1207 868 1303 famigerato
890 1211 900 1278 i

500 627 575 708 454
953 583 1536 676 nissun'rnrlo
1632 599 1635 604 ’
1785 691 1792 704 .

1153 775 1190 862 ς.
1241 771 1335 850 XV.

625 918 671 988 At
684 910 775 987 hisce
792 905 955 985 ilmitibus
975 907 1117 983 necdum
1140 907 1295 983 concludi
1320 905 1353 980 se
1370 898 1458 1004 pall'a
1479 899 1526 978 est
1542 900 1618 1002 plus
1642 895 1793 984 habendi
1807 897 1989 1000 cupidinum

505 1009 668 1116 libuidem
684 1015 761 1086 dein
775 1009 995 1084 Protestantes
1010 1013 1088 1080 DD.
1105 1005 1178 1079 suas
1193 1010 1290 1104 prius
1308 1002 1448 1102 rajetlaa
1461 999 1717 1102 protensiones,
1741 1027 1782 1076 ac
1801 1000 1987 1096 illegitimae

506 1115 766 1215 pluspetitiunes
787 1132 883 1183 motu
901 1109 1046 1278 impio·
1062 1107 1173 1204 palam
1186 1098 1989 1275 .clrrbidlistersatiututb'tlitrldieggffiperezonssffigu

929 1227 1175 1277 atnuttutem
1217 1229 1270 1275 ra
1339 1255 1349 1277 .
1413 1226 1491 1272 triu
1756 1226 1785 1273 ae
1975 1246 1986 1273 .

506 1316 587 1384 Hoc
598 1308 763 1404 templum
780 1332 798 1379 a
815 1308 1036 1379 Ruruuro
1051 1229 1200 1375 Palatind
1211 1227 1421 1398 imperatoie
1434 1294 1612 1372 fundatum
1628 1223 1760 1372 Luni)
1772 1315 1917 1372 vicus
1930 1301 1987 1373 vl.

506 1409 796 1481 annoMDLVll.
823 1411 865 1478 A.
887 1407 926 1476 C.
952 1398 1092 1474 todillis
1124 1398 1345 1474 concesserat:
1382 1395 1439 1471 sed
1471 1401 1687 1494 JoANNEs
1721 1399 1750 1469 C
1761 1411 1986 1470 Aslbllnud

505 1511 842 1580 Lauronensia
864 1506 1121 1574 Futuurtrct
1140 1504 1201 1572 lV.
1227 1493 1394 1572 Elelioris
1420 1495 1560 1568 Palatini
1589 1517 1702 1578 tutor,
1727 1498 1788 1594 qui
1813 1493 1860 1567 fic
1885 1489 1986 1568 uilia

506 1631 584 1677 rum
616 1599 892 1675 Reformatorum
924 1595 1024 1670 sacris
1056 1595 1207 1671 addislus
1238 1620 1337 1680 erat,
1374 1596 1428 1668 his
1458 1597 1503 1667 ita
1530 1589 1630 1665 dislia
1662 1589 1875 1666 Reformatis
1907 1615 1985 1666 annu

506 1705 772 1776 MDLXXXlll.
798 1698 833 1771 id
854 1697 961 1797 ipsum
985 1696 1126 1781 addixit,
1151 1723 1190 1771 ex
1207 1721 1284 1795 quo¹
1300 1720 1456 1795 tempore
1477 1688 1643 1790 usquead
1665 1717 1791 1765 annum
1804 1693 1986 1768 Muccv.

378 1797 382 1806 '
506 1800 568 1874 soli
586 1801 687 1872 iidem
710 1802 744 1871 in
770 1798 859 1871 illius
875 1792 1068 1895 possessione
1093 1792 1370 1894 permanserunt,
1402 1791 1522 1867 eudem
1552 1814 1633 1866 veru
1658 1815 1746 1864 anno
1766 1787 1985 1866 naasaeliuaa

372 3109 374 3114 ·
502 3072 597 3153 latis,
621 3067 696 3166 ipss
714 3069 877 3164 templum
898 3073 1041 3167 pervim
1058 3075 1105 3141 eri
1135 3071 1307 3143 iendume

436 1939 438 1944 ·
504 1899 568 1972 hos
582 1897 717 1970 inter&
733 1896 924 1970 catholicus
939 1896 1036 1976 inita,
1063 1892 1178 1966 divisio
1191 1893 1342 1992 ejusdem
1359 1888 1446 1966 falla
1465 1869 1548 1974 sdit,
1570 1892 1605 1964 vi
1619 1889 1713 1987 eujus
1727 1889 1856 1964 chorus
1872 1912 1939 1965 rem
1962 1889 1995 1994 ii⁸

505 1996 707 2077 Catholicis,
731 1997 823 2067 navis
838 2018 948 2066 autem
964 1991 1005 2062 fic
1024 1990 1121 2064 dislis
1136 1989 1339 2065 Reformatis
1357 1988 1471 2075 eelsit3
1499 2012 1600 2086 atque
1613 2012 1651 2060 ut
1664 2010 1809 2088 utreque
1823 2014 1907 2088 pars
1934 2011 1984 2066 lue

505 2093 881 2166 turbationedetotioni
902 2114 1017 2163 vacare
1035 2087 1154 2186 posset,
1182 2117 1299 2165 murus
1317 2090 1459 2163 eborum
1481 2090 1570 2160 inter
1585 2087 1619 2160 dr
1637 2089 1748 2160 navim
1769 2086 1984 2184 interposuit

501 2189 867 2285 utrosquesegtegavit.
916 2195 1016 2260 Anno
1033 2193 1260 2260 MDCCXlX.
1279 2192 1376 2287 petiit
1392 2185 1528 2261 Elesiur
1542 2187 1710 2258 Palatinus
1721 2210 1741 2258 a
1752 2182 1820 2259 suis
1835 2185 1983 2272 subditis,

502 2292 548 2362 ita
563 2288 729 2359 diilorum
746 2279 1019 2358 Reformaturum
1035 2283 1133 2359 sactis
1152 2286 1417 2372 adherentibus,
1441 2308 1497 2368 ut,
1522 2309 1599 2358 cum
1617 2283 1784 2382 templum
1801 2284 1869 2358 hoc
1884 2282 1985 2384 sepul·

503 2408 588 2459 rurae
604 2381 797 2456 Elellorutn
817 2381 1014 2456 destinatum
1032 2408 1189 2480 tanquam
1212 2386 1370 2459 Aulicum
1389 2388 1502 2481 potius
1521 2381 1795 2457 confideraudum
1811 2381 1911 2472 essem
1932 2387 1986 2456 nei

502 2479 572 2556 vim
594 2508 730 2582 quoque
751 2483 869 2579 templi
892 2479 998 2555 sibidc
1021 2478 1084 2554 suae
1100 2485 1285 2575 Religioni,
1312 2483 1492 2556 Catholicae
1517 2483 1697 2564 nimirum,
1726 2479 1870 2554 addistis
1893 2481 1985 2556 cede·

493 2605 596 2664 rent,
619 2583 727 2652 addita
745 2605 855 2652 tomen
870 2582 1099 2652 conditionum
1109 2578 1364 2677 aequiffimarum
1380 2580 1570 2664 oblatione,
1619 2604 1661 2652 ua
1675 2582 1753 2653 novi
1767 2580 1889 2678 templi
1902 2581 1984 2677 ejus·¹

503 2681 580 2752 dem
595 2679 832 2772 magnitudinis
848 2683 882 2750 in
900 2681 973 2753 loco
989 2704 1190 2777 quocunque
1206 2680 1247 2750 ab
1264 2678 1341 2775 ipsis
1358 2676 1546 2773 assignando
1561 2605 1818 2752 exdeuslionem
1830 2703 1851 2752 ι
1865 2677 1900 2753 se
1912 2675 1984 2778 ipso

501 2777 766 2876 procurandam,
791 2801 848 2849 aut
869 2774 891 2847 st
912 2776 971 2874 ips
987 2777 1127 2857 vellent,
1152 2773 1321 2848 sumtuum
1345 2781 1497 2850 omnium
1523 2802 1590 2849 nou
1611 2775 1652 2847 ad
1674 2773 1897 2851 necessitatem
1917 2799 1985 2850 tau·

502 2899 593 2957 rum,
618 2875 671 2946 l'ed
691 2875 722 2947 dt
742 2875 914 2954 decorem,
941 2896 1040 2971 utque
1066 2897 1264 2970 apparatum
1291 2879 1531 2971 pertinentium
1556 2878 1735 2969 gratuitam
1759 2871 1983 2956 subministra·

500 2978 626 3046 tionem
645 2972 841 3065 spopondit,
868 2970 1003 3067 adjeliis
1020 2969 1155 3068 iusuper
1177 2975 1294 3056 minis,
1310 2976 1429 3142 spuod,
1456 2971 1513 3043 nifi
1532 2973 1648 3070 sponte
1669 2997 1857 3047 annuerent
1874 2970 1982 3071 posiu-

502 3194 542 3239 ex
564 3190 641 3240 nuta
663 3166 718 3235 illa
741 3168 951 3240 emulatione
965 3194 984 3241 e
999 3095 1186 3241 diversata
1208 3069 1982 3267 ReligiueribmApildsiitiiipiiehsesdjiticsdiiiilibiii

500 3262 672 3337 nillcrium
689 3261 920 3336 Resormotum
943 3264 1131 3362 respuendo
1152 3267 1213 3338 hac
1236 3267 1444 3341 excusatione
1465 3263 1497 3341 se
1520 3267 1693 3354 liberavit,
1717 3270 1926 3363 regerendo,
1948 3270 1981 3342 io

499 3361 556 3435 sua
572 3361 733 3460 potestne
749 3360 961 3435 cunssitututn
978 3365 1067 3436 haud
1088 3360 1153 3437 else
1168 3366 1209 3437 de
1225 3367 1360 3462 templis
1381 3365 1577 3464 disponere,
1602 3390 1789 3465 eorumque
1812 3367 1980 3439 alienatio·

499 3486 577 3533 uem
592 3460 776 3554 indulgere.
826 3465 1046 3558 Quapropter
1058 3464 1098 3534 ad
1114 3466 1200 3535 iram
1214 3469 1397 3539 concitatus
1411 3462 1547 3538 Eletlor
1563 3468 1705 3560 pervim
1721 3463 1799 3564 ipss
1816 3487 1885 3538 tem
1912 3465 1980 3537 lum

500 3559 987 3753 llllllllllllllll
1002 3562 1205 3730 llllllll‘
1230 3560 1629 3757 ‘'ilsslelllillll
1653 3490 1915 3735 lsslssllllzd
1938 3557 1979 3733 “l

767 3707 773 3726 ¹
1184 3710 1195 3733 ο
1558 3711 1566 3741 a
1887 3711 1898 3744 t

498 3752 605 3826 sulum
618 3760 711 3853 Juris
724 3753 929 3828 reformandi
944 3754 1099 3839 abusum,
1125 3756 1160 3827 id
1182 3755 1247 3840 est,
1270 3760 1450 3833 violentam
1467 3758 1500 3830 dt
1520 3761 1651 3829 noxiam
1664 3755 1850 3857 pusseliiuni
1871 3683 1979 3831 solidi·

498 3875 611 3925 toturn
626 3852 882 3934 dilsentientium
898 3858 1046 3952 proptiae
1062 3854 1247 3946 Religionis
1263 3853 1548 3930 introdusiionem
1569 3861 1767 3953 impugnare
1781 3853 1976 3939 debuissent,

496 3952 538 4022 ad
561 3952 648 4023 uliud
675 3977 857 4025 extremum
884 3950 1027 4051 delapfi,
1048 3957 1111 4049 Jus
1133 3953 1167 4024 dr
1187 3952 1285 4027 usum
1308 3953 1417 4052 ipsum
1444 3956 1545 4027 etiam
1570 3955 1780 4048 legitimum,
1804 3953 1978 4028 communi

494 4050 574 4121 alias
600 4047 787 4122 Doslurum
813 4045 973 4145 suffragio
998 4072 1272 4149 propugnatum,
1298 4074 1435 4149 tamque
1452 4048 1592 4126 sollicite
1616 4056 1650 4125 iu
1666 4058 1749 4126 Pace
1766 4050 1838 4151 ipsa
1854 4051 1976 4126 flabili·

494 4171 566 4221 turn
583 4149 644 4220 ulia
660 4175 746 4220 nunc
761 4149 834 4242 lege
847 4150 1085 4222 convenientiae
1103 4146 1279 4233 suadente,
1303 4148 1473 4223 ademtum
1489 4150 1522 4224 dc
1539 4176 1576 4222 ex
1591 4153 1761 4249 Imperio,
1787 4176 1844 4224 eut
1861 4150 1975 4225 saitem

494 4251 710 4320 eterrituriis
729 4248 903 4320 Catholico
927 4251 1077 4319 Domino
1101 4246 1297 4344 parentibus
1322 4245 1460 4344 prorsus
1485 4248 1695 4321 eliminatum
1718 4248 1890 4323 voluerint
1913 4271 1974 4348 per

433 4429 437 4438 ,
492 4342 670 4444 scriptum:
699 4344 870 4436 Unilrunb
893 4345 953 4420 uto
977 4350 1165 4416 Simulranei.
1213 4342 1414 4419 Dollrinana
1437 4350 1470 4417 in
1490 4345 1554 4418 hoc
1569 4344 1693 4444 scripto
1706 4370 1897 4422 contentam
1914 4354 1973 4421 Le·

428 4441 434 4460 '
493 4452 560 4536 gari
579 4449 730 4514 Statuum
747 4448 843 4515 A.·C.
862 4437 985 4510 addidi
1008 4440 1195 4514 Ratisbonae
1216 4442 1392 4535 degentes,
1423 4442 1501 4515 Inst.
1522 4448 1557 4515 P.
1574 4450 1628 4518 W.
1650 4441 1873 4520 conformiter
1899 4468 1972 4518 cun·

492 4564 626 4638 ceptum
640 4540 838 4635 jaciitando,
868 4562 953 4607 anno
969 4541 1193 4610 MDCCXIX.
1210 4544 1244 4610 in
1262 4539 1426 4614 Conclusu
1450 4543 1491 4612 de
1508 4545 1614 4613 XXII.
1629 4542 1852 4626 Decembris,
1878 4542 1970 4639 cujus

413 4671 420 4682 ·
491 4638 594 4714 verbe
618 4639 782 4713 initialia:
814 4633 891 4721 ‘abii
913 4631 1117 4732 blatbbutft
1132 4656 1173 4718 τε.
1199 4638 1355 4715 omuibus
1384 4635 1591 4714 Dusiuribua
1614 4640 1647 4716 dr
1670 4636 1914 4718 Professoribus
1939 4643 1971 4713 iu

1894 4745 1969 4814 Pru·
