4950 5567
429 663 431 668 -
494 617 567 717 ηε
646 612 982 704 ursssu‘surro
1001 611 1107 712 Juu.
1124 609 1283 688 osen.
1297 607 1608 690 necessust.
1621 607 1820 730 cnseret
1957 719 1995 756 ,1

496 799 617 870 eodem
633 796 751 878 modo,
776 797 962 893 eodemque
978 795 1071 878 loco,
1093 818 1163 892 quo
1181 788 1352 888 possessum
1373 753 1789 886 suerutfrelinquendum
1808 789 1875 878 eli,
1895 819 1967 872 eon.

496 895 637 992 sequens
658 898 757 965 etiam
779 893 822 966 ell
848 918 1050 967 annexorum
1076 897 1237 972 retentio,
1263 913 1425 986 quantum
1452 892 1613 959 nimirum
1639 889 1696 958 illa
1716 887 1859 986 possesse·
1876 889 1965 972 fnisse
1991 913 1995 1010 1

495 993 634 1090 probari
654 995 790 1087 poterit.
840 992 1012 1088 Siquidem
1033 1015 1072 1061 er
1092 987 1193 1060 solius
1212 990 1360 1060 exercitii
1382 991 1504 1086 privati
1526 982 1718 1081 possessione
1735 1012 1803 1058 non
1820 987 1995 1092 sequitur}

501 1113 625 1159 annexu
647 1113 853 1184 quaecunque
875 1091 974 1160 etiam
1000 1086 1133 1168 deberi,
1159 1084 1214 1156 sed
1233 1110 1272 1156 ea
1292 1108 1441 1165 tantum,
1466 1109 1540 1179 quae
1558 1080 1692 1179 possessa
1711 1079 1811 1159 fitilse
1829 1088 1964 1184 proban·
1993 1141 1995 1146 -

496 1204 566 1257 tur.
615 1188 700 1254 Cum
717 1209 798 1275 ergo
811 1185 901 1257 nulla
915 1180 1063 1281 possessio
1078 1185 1312 1279 oppignoratis
1320 1178 1537 1273 suffragetur,
1559 1178 1616 1254 sed
1631 1181 1864 1280 qualecunque
1876 1183 1961 1262 suun
1978 1195 1995 1230 r

495 1283 690 1354 exercitium
703 1286 878 1354 oDomino
892 1282 993 1369 modo
1009 1279 1144 1379 posthac
1163 1280 1316 1351 obtinere
1329 1279 1489 1361 debeant;
1515 1301 1784 1375 mnexoquoque
1796 1281 1887 1354 nullu
1901 1305 1962 1356 tea·

495 1401 597 1475 quam
619 1374 674 1448 sua
690 1379 857 1452 vindicare
876 1404 1052 1474 poterunt,
1076 1374 1133 1450 nist
1155 1402 1210 1458 eu,
1236 1401 1311 1470 quae
1331 1374 1449 1471 sponte
1470 1375 1590 1448 iisdem
1604 1378 1772 1448 Dominus
1790 1375 1966 1472 transigens·

494 1475 650 1544 addicere
666 1475 820 1547 voluerit.
872 1477 972 1547 Unde
986 1480 1123 1547 omnino
1140 1471 1348 1545 subditorum
1365 1476 1688 1570 oppignoratoruur‚
1710 1473 1769 1567 qui
1786 1475 1959 1568 publico&

494 1577 629 1669 priuato
643 1579 798 1642 exercitio
819 1571 878 1644 sub
894 1574 1002 1644 alieno
1027 1577 1174 1643 Domino
1206 1567 1305 1663 gavisi
1329 1565 1478 1652 fucrant,
1501 1570 1652 1640 deterior
1669 1568 1818 1660 conditio
1832 1575 1958 1668 prelis.

361 1678 374 1694 ’
495 1671 554 1765 qui
577 1665 682 1738 solum
707 1693 874 1763 privatum
898 1668 955 1740 sub
979 1673 1121 1766 proprio
1144 1669 1376 1748 obtinuerant,
1404 1665 1529 1764 absque
1546 1669 1637 1738 omni
1657 1662 1814 1764 scrupulo
1829 1666 1960 1744 admitti·

496 1785 569 1844 tut,
593 1785 748 1859 tanquam
772 1769 957 1861 cuicunque
978 1768 1149 1837 evidenter
1166 1769 1199 1836 in
1220 1767 1336 1835 oculos
1355 1764 1514 1834 incidens.
1574 1769 1666 1834 Nam
1688 1767 1822 1858 priores
1843 1765 1958 1842 nullon

492 1857 547 1974 jus
564 1863 596 1931 iu
611 1860 679 1960 ipsa
693 1861 767 1957 lege
780 1858 957 1938 fundatum
969 1863 1109 1946 habent,
1135 1861 1227 1966 quod
1243 1885 1355 1938 temen
1366 1858 1608 1964 posterioribus
1622 1856 1753 1937 disertis
1767 1859 1882 1942 verbis
1893 1859 1958 1942 ese·

496 1978 595 2034 retur.
1107 2018 1110 2023 .

1149 2119 1183 2208 ς.
1232 2111 1318 2192 xx.

614 2243 705 2340 Qrid
728 2269 831 2341 porro
846 2244 999 2322 efficacis
1014 2244 1114 2319 tribui
1129 2247 1209 2320 velit
1223 2246 1430 2339 generalitati
1452 2245 1508 2338 §vi
1525 2266 1645 2329 xxxt..
1667 2269 1741 2345 quee
1754 2246 1883 2320 nullum
1898 2243 1955 2320 sul

497 2335 645 2412 diturum
662 2341 836 2417 discrimen
852 2345 1040 2425 constituat,
1067 2342 1140 2415 sane
1155 2346 1260 2416 videri
1278 2369 1344 2416 non
1361 2342 1477 2442 potest.
1528 2343 1664 2415 lacivile
1679 2349 1808 2444 quippe
1829 2345 1953 2420 habetur

497 2459 599 2532 atque
612 2464 629 2508 a
643 2439 813 2512 calumnior
826 2440 1009 2538 suspicione
1025 2440 1114 2515 haud
1129 2442 1293 2521 alienum,
1325 2467 1364 2512 ex
1386 2443 1500 2538 paucis
1520 2441 1677 2516 duntaxat
1697 2441 1808 2514 verbis
1826 2466 1882 2516 aut
1900 2464 1953 2514 uuo

498 2534 582 2626 legis
598 2533 688 2630 passu
703 2553 805 2608 totam
820 2539 926 2630 legem
944 2538 1125 2633 dijudicare
1141 2541 1237 2610 velle.
1284 2543 1349 2610 Vix
1364 2541 1430 2610 ulla
1447 2541 1481 2608 in
1495 2537 1882 2634 jure-regulainrenitur,
1896 2561 1955 2636 que

499 2655 566 2699 non
583 2630 654 2702 suas
670 2638 769 2705 etiam
787 2645 995 2732 exceptiones
1012 2641 1176 2730 patiatur3
1200 2623 1308 2706 'drobi
1330 2640 1362 2705 in
1381 2635 1496 2706 eadem
1512 2637 1584 2728 lege
1599 2640 1751 2732 exceptio
1770 2634 1898 2736 firmata
1911 2629 1954 2714 el,

498 2730 694 2816 generalitas
711 2733 888 2804 verborum
906 2731 981 2803 alibi
998 2730 1101 2825 polita
1118 2759 1155 2800 cx
1177 2730 1308 2824 speciali
1333 2737 1527 2828 exceptione
1547 2733 1637 2804 lirum
1661 2738 1956 2830 interpretationem

496 2821 606 2895 sumit.
657 2827 790 2898 Constat
805 2853 915 2897 autern
929 2851 968 2898 ex
982 2825 1179 2921 ltrprsdielis
1195 2828 1444 2920 generalitatem
1459 2830 1548 2900 illam
1569 2831 1620 2922 §vi
1639 2850 1762 2903 xxxx.
1785 2834 1819 2902 in
1832 2827 1957 2906 Tradla·

498 2919 586 2990 tibus
609 2925 699 2990 Pacis
717 2923 754 2990 ad
774 2948 829 2994 eos
847 2922 993 2994 subditos
1010 2946 1137 2994 tantum
1155 2923 1366 3018 pertinuisse,
1403 2928 1462 3020 qui
1476 2928 1669 2998 exercitium
1691 2928 1831 3020 aliquod
1851 2953 1871 2997 a
1894 2949 1960 3024 pro·

499 3019 583 3110 priis
608 3020 761 3086 Dominis
785 3017 898 3088 saltem
924 3025 1037 3101 tacite,
1071 3044 1133 3116 per
1154 3019 1255 3093 l'olam
1279 3023 1432 3093 uidelicet
1455 3020 1695 3094 observantiam
1712 3028 1788 3092 anni
1815 3023 1962 3096 Normal.

497 3135 697 3207 quocunqne
715 3117 811 3184 titulo
831 3119 899 3186 inno
912 3119 1005 3188 nulio
1018 3119 1145 3198 nixam,
1172 3118 1344 3192 obtentum
1358 3116 1570 3216 possederint.
1619 3119 1719 3190 Unde
1733 3144 1798 3217 pro
1814 3119 1964 3193 substrata

497 3229 624 3278 tantum
641 3235 776 3280 murena
792 3215 1023 3305 intelligenda.
1049 3214 1082 3284 dr
1100 3215 1140 3284 nd
1160 3241 1232 3284 enm
1250 3217 1497 3306 restringenda,
1515 3240 1575 3288 nee
1588 3239 1678 3285 extra
1691 3217 1781 3287 oleas
1797 3218 1966 3290 extenden-

489 3303 539 3373 da
560 3309 668 3386 venit;
697 3313 773 3402 qnia
791 3314 1098 3408 interpretationem
1119 3310 1333 3390 mensnram,
1387 3337 1435 3382 ue
1452 3311 1519 3384 sola
1534 3313 1634 3384 rerba
1650 3313 1775 3407 absque
1795 3338 1909 3387 mente
1928 3315 1971 3386 le·

495 3401 663 3567 pislatoris
677 3431 808 3498 captans
826 3410 913 3477 ultra
928 3406 1118 3478 substratum
1136 3416 1308 3480 materiam
1321 3337 1436 3481 eadem
1458 3410 1611 3504 ampliat,
1635 3411 1877 3483 cavillatoriam
1900 3407 1971 3493 esse,

368 3575 370 3580 ,
511 3501 655 3586 egnlrbus
673 3500 920 3594 jurisconsultis
941 3506 1133 3599 expeditum
1155 3506 1309 3580 habetur.
1381 3512 1567 3601 Nunquam
1593 3511 1682 3578 enim
1702 3531 1807 3600 genus
1835 3510 1973 3599 deroget

496 3591 635 3688 sperici,
662 3598 743 3668 liene
758 3624 866 3669 aurem
881 3599 1003 3696 speeies
1022 3606 1154 3691 generi3
1180 3610 1305 3704 Neque
1323 3629 1409 3698 opus
1422 3600 1467 3674 cll
1481 3606 1535 3678 id.
1562 3604 1654 3700 quod
1668 3599 1769 3678 semel
1784 3600 1972 3702 specialiter

496 3691 639 3792 positum
654 3698 736 3780 luit,
762 3703 797 3767 in
812 3697 884 3768 aliis
900 3699 1109 3792 generalibus
1124 3697 1180 3771 dts
1173 3699 1391 3804 politionibus
1410 3697 1555 3800 expresse
1569 3724 1737 3798 reperere.

1138 3933 1167 4022 l·
1216 3928 1329 4002 xxi.

615 4075 691 4143 Nec
707 4075 782 4168 plus
800 4076 931 4150 roboris
948 4078 1047 4151 habet
1062 4077 1207 4175 expressa
1222 4079 1278 4150 illa
1296 4081 1332 4163 ξ.
1350 4096 1406 4149 xx
1413 4098 1436 4150 x
1448 4096 1471 4150 1.
1486 4075 1647 4151 clausula:
1675 4084 1980 4177 cujuscunqeegene·

499 4166 562 4248 ris,
589 4191 663 4260 quae
679 4193 834 4266 tanquam
851 4202 981 4248 merum
1004 4178 1176 4268 glaucoma
1197 4177 1236 4244 ad
1260 4171 1455 4271 presentem
1477 4173 1612 4266 scopum
1635 4177 1732 4272 plane
1753 4183 1979 4274 impertinens

499 4261 775 4356 deprehenditur.
827 4278 914 4368 Quia
931 4276 1065 4344 reluitio
1081 4273 1204 4344 nullam
1221 4278 1397 4343 iuratione
1418 4269 1629 4364 sulijeeliortis
1652 4273 1879 4347 differentiam
1902 4303 1981 4350 con·

497 4354 621 4440 stituit,
642 4387 699 4432 ant
714 4363 877 4438 diversum
892 4375 1077 4460 subditorum
1093 4373 1127 4442 in
1143 4377 1272 4442 ratione
1289 4394 1389 4441 nexus
1407 4367 1509 4439 suiad
1528 4372 1712 4440 Dominum
1734 4397 1840 4463 genus
1854 4371 1979 4459 efficit;

498 4477 555 4524 eut
572 4455 592 4525 st
608 4458 642 4527 id
659 4459 790 4535 efficere
808 4463 927 4537 obnixe
944 4469 1177 4549 contendatur,
1210 4491 1301 4539 certe
1323 4464 1447 4562 specics
1464 4491 1529 4536 una
1550 4462 1724 4560 seperatim
1747 4467 1881 4564 semper
1903 4497 1981 4570 per·

498 4549 783 4658 natlanjanque
799 4561 919 4637 diserte
933 4588 1067 4660 excepta
1090 4564 1149 4637 sub
1172 4564 1319 4662 generali
1340 4558 1547 4662 exprelltoue
1567 4588 1635 4638 uun
1657 4566 1801 4665 amplius
1823 4593 1983 4666 compre·

1862 4667 1985 4739 hendi·
