4950 5567
1769 387 1926 420 utu!
1959 386 2066 418 uus
2122 385 2272 416 uun·
2333 386 2537 413 υιιοιιι
2576 386 2636 412 υι
2686 386 2761 411 »Α
2791 385 3011 411 nabun·
3093 384 3223 408 ιιιιο
3274 384 3366 406 u·
3412 384 3773 427 uns-ru...-
3818 384 4127 401 uuna-..-
4180 383 4250 404 uu

1771 466 1952 526 tare,
2005 386 2419 535 nliqosquejad
2450 439 2627 512 idem
2661 437 3004 510 consilium
3037 385 3575 530 {mplestendum
3606 430 3881 522 adigere
3916 427 4250 526 prat-sum·

1771 539 1938 612 alios
1969 537 2293 634 quosdam
2325 538 2549 627 magni
2581 531 2869 607 nominis
2903 536 3245 628 Principes
3290 539 3372 604 A.
3422 533 3497 601 C.
3548 526 3849 600 sddistos
3906 529 4250 624 potentiss

1771 631 1986 710 ruffiae
2013 641 2077 704 in
2108 636 2320 705 literis
2351 632 2430 702 ad
2467 632 2656 706 suum
2699 635 2990 726 legatum
3023 629 3423 702 comitialem
3458 627 3627 696 datis
3646 628 3863 721 palam
3894 626 4250 700 declaravi

1778 731 1848 804 in
1884 733 2002 802 illo
2032 736 2303 824 negotio
2336 758 2369 799 a
2399 731 2693 802 Statibus
2725 733 2791 800 in
2823 753 3043 824 partes
3077 730 3244 797 itum
3280 721 3503 806 fuisse,
3553 749 3634 793 eo
3681 723 3862 819 quod
3900 724 4237 820 quadam

1778 825 2169 900 Elessorutn
2224 855 2297 899 ac
2343 832 2732 923 Principum
2778 825 3087 915 suffragia
3126 848 3277 895 cum
3324 822 3685 893 Catholicis
3734 821 4250 916 conspirarint3

1779 947 2098 997 tentatam
2141 925 2322 996 illam
2362 926 2783 1018 reliquorum
2820 920 3227 996 seceslionem
3261 921 3481 1012 elogio
3507 916 3834 1011 inlignivit
3860 919 4164 1012 alicujus
4196 947 4250 990 m

1784 1047 1938 1094 men
1974 1024 2280 1117 corporis
2307 1026 2374 1095 in
2409 1020 2683 1100 abusum
2713 1022 3113 1100 deducatur,
3164 1019 3573 1112 illorumque
3604 1041 3761 1108 erga
3806 1016 3969 1087 alios
4008 1021 4250 1090 Status

1779 1115 2179 1219 positionem
2211 1123 2595 1219 pertinaciae
2640 1119 2704 1194 ἃ
2738 1115 3281 1195 contradistionis
3310 1118 3799 1188 munimentum
3820 1115 4250 1214 compellavi

3037 1354 3113 1440 §.
3206 1348 3506 1424 XXXI.

2062 1515 2242 1591 Illud
2290 1540 2653 1615 praeteres‚
2731 1517 2912 1616 quod
2946 1523 3163 1593 Status
3194 1528 3277 1595 A.
3308 1525 3385 1606 C.
3414 1519 3887 1592 convenientiae
3928 1512 4063 1588 suae
4097 1540 4250 1610 regi

1784 1611 2176 1700 credidere,
2231 1640 2344 1687 sut
2387 1616 2655 1713 qualem
2687 1617 2757 1689 hi
2787 1616 3041 1698 sensum
3070 1618 3209 1714 juri
3244 1617 3444 1690 eundi
3474 1622 3539 1689 in
3570 1641 3789 1714 partes
3824 1614 4126 1687 tribuere
4158 1642 4250 1688 vo

1789 1711 1904 1786 lici
1936 1710 2050 1785 libi
2079 1738 2209 1811 pro
2240 1739 2475 1785 norma
2514 1717 2773 1811 imponi
2806 1715 2982 1786 haud
3018 1721 3374 1813 patientur.
3490 1718 3661 1786 Cum
3712 1718 3931 1786 Status
3979 1713 4243 1788 Csthol

1787 1815 1878 1887 A.
1917 1813 1992 1883 C.
2026 1809 2300 1884 subditis
2329 1809 3117 1909 inhabitats‚poffidentes
3150 1817 3216 1884 in
3244 1811 3431 1884 suum
3468 1835 3708 1884 coetum
3738 1835 4187 1908 receperunt,
4244 1850 4250 1877 ι

1791 1909 1866 1982 in
1906 1933 2052 1980 rem
2094 1906 2277 1981 suam
2328 1910 2600 1981 cautelis
2650 1909 3011 1982 uberrimis
3052 1908 3375 1997 instruere
3420 1907 3847 1991 studuerunt,
3896 1909 4059 1980 dum
4110 1935 4250 1983 ven

1791 2029 1942 2102 quae
1984 2002 2230 2080 futuris
2263 2031 2559 2103 unquam
2600 2008 3021 2105 temporibus
3049 2033 3285 2081 eorum
3313 2005 3596 2079 consiliis
3632 2032 3704 2078 sc
3736 2005 3961 2078 studiis
3990 2005 4230 2080 obefl'e

1787 2106 1988 2177 citare
2032 2101 2142 2174 sus
2173 2104 2597 2202 quantumvis
2622 2101 3001 2177 ‘scutiffims
3028 2127 3627 2202 praecognovemnt
3646 2154 3664 2186 ,
3712 2127 3826 2176 aut
3852 2127 4250 2199 praeverten

1789 2197 1952 2274 bent
1983 2251 2002 2284 ,
2062 2198 2128 2273 se
2176 2203 2481 2273 homines
2521 2199 2651 2274 effe
2681 2251 2697 2283 ,
2758 2206 2921 2298 qui,
2985 2204 3144 2276 dum
3188 2200 3463 2275 subinde
3508 2201 3778 2298 aliquod
3826 2203 4250 2275 commodun

1797 2298 2027 2371 multis
2059 2296 2190 2371 sese
2220 2325 2297 2370 ex
2326 2297 2449 2369 alia
2495 2322 2687 2395 parte
2729 2301 3171 2373 incommodis
3205 2323 3557 2396 exponant.
3684 2295 3813 2393 1pfi
3853 2297 4250 2372 Protestsnn

1793 2419 2028 2476 omnes
2060 2396 2208 2466 dats
2236 2393 2576 2468 occasione
2609 2396 3083 2492 impendebant
3110 2423 3399 2482 nervos,
3450 2420 3526 2468 ut
3563 2401 3781 2467 Status
3814 2395 4151 2491 ejusmodi
4196 2405 4250 2472 C

1794 2517 1950 2566 rum
1995 2493 2537 2585 relinguerentur
2566 2519 2776 2578 coetu,
2828 2493 2873 2565 si
2918 2521 3083 2588 ergo
3123 2492 3251 2566 suis
3289 2492 3571 2568 consiliis
3610 2519 3782 2564 nunc
3823 2493 4094 2566 videant
4134 2521 4250 2568 not

1793 2588 2203 2686 respondere
2249 2615 2596 2673 eventum,
2660 2590 2773 2662 sibi
2820 2591 2890 2662 id
2942 2597 3311 2688 imputent,
3384 2592 3791 2686 credantque
3840 2588 3957 2662 soli
4008 2598 4250 2689 provi<¹

1795 2683 1922 2758 else
1965 2690 2356 2784 proprium,
2425 2689 2665 2770 omnig
2696 2688 3107 2783 praenoscere
3150 2684 3398 2762 futura.
3528 2695 3851 2760 Praeterea
3886 2713 4017 2759 non
4062 2712 4250 2762 tantu

1795 2785 2130 2854 Dominos
2165 2783 2580 2867 Catholicos,
2628 2783 2749 2856 sed·
2773 2786 2840 2858 ἃ
2868 2811 3013 2870 quae
3046 2783 3223 2870 ipsos
3257 2793 3475 2861 Status
3507 2783 3943 2858 protestantes
3971 2784 4235 2859 habent
