4950 5567
573 656 728 738 cinca
752 597 1140 736 srnuurnnaun
1162 647 1438 735 oocrntu'n
1461 659 1736 745 arrtcncta.
1824 705 1892 780 343
1976 753 1981 762 .

363 809 364 904 J
527 843 644 916 Multo
658 840 765 932 magia
784 833 941 908 absonum
961 836 1023 920 est,
1051 836 1142 933 quod
1159 836 1298 908 eandem
1313 860 1332 908 a
1345 861 1419 920 me,
1445 840 1498 910 vel
1514 867 1533 914 a
1547 845 1728 920 Catholicis
1744 875 1893 949 unquam

362 939 560 1132 quiritem
584 936 679 1012 fuisse
704 938 738 1010 dt
763 931 932 1052 admissam
957 957 1115 1049 tanquam
1140 938 1319 1030 genuinam
1345 931 1603 1036 praesupponat,
1635 943 1671 1016 id
1693 950 1785 1042 quod
1806 975 1893 1026 nun·

376 1121 380 1128 ,
416 1063 513 1142 quem
527 1065 563 1112 in
579 1061 724 1110 mentem
739 1034 824 1106 mtln
837 1058 953 1107 ventre
968 1057 1091 1130 potuit.

423 1177 426 1184 '
528 1170 756 1266 Ignorantiam
772 1168 848 1241 dein
863 1165 1093 1240 controversie
1107 1165 1180 1265 post
1195 1172 1314 1243 Pacem
1330 1170 1405 1272 liel.
1420 1169 1523 1247 serius
1547 1177 1674 1270 agitata
1693 1178 1792 1280 super
1806 1191 1891 1284 Jure

371 1261 377 1278 '
421 1267 527 1346 lavitis
550 1267 688 1341 subditis
711 1269 966 1358 emigrationem
993 1267 1181 1362 imperandi
1201 1268 1259 1338 uei
1286 1268 1329 1341 de
1353 1273 1572 1362 emigratione
1597 1277 1771 1353 necessaria
1804 1287 1890 1360 mihi

425 1367 541 1464 absque
555 1366 626 1438 ullo
641 1359 859 1436 fundamento
882 1363 1018 1459 objicit,
1042 1388 1118 1434 cum
1141 1361 1388 1439 in·Dissert..de
1406 1373 1532 1455 (abditis
1552 1379 1702 1464 quondam
1723 1385 1894 1474 oppignore·

425 1471 488 1542 lita
501 1467 646 1536 temeri
665 1467 743 1532 aliar
762 1467 835 1532 atini
852 1466 1023 1533 Decretarii
1041 1463 1179 1555 beneficit
1199 1469 1318 1556 penitus
1332 1465 1464 1552 'exclufis
1486 1473 1569 1564 Cap.
1585 1474 1629 1541 ll.
1654 1478 1681 1564 §.
1695 1477 1754 1546 XI.
1780 1482 1894 1552 omnia

426 1563 475 1636 ῆι.
495 1559 617 1658 scripta
637 1559 672 1631 in
690 1555 906 1630 Traslatibus
930 1559 1022 1630 Pacis
1036 1565 1091 1630 W.
1116 1556 1193 1631 desu
1223 1586 1259 1630 er
1283 1566 1406 1653 agitata
1430 1562 1559 1637 abunde
1583 1569 1820 1657 allevaverim,
1854 1595 1896 1648 er

426 1659 538 1758 quibus
562 1657 609 1730 sat
628 1658 814 1728 luculenter
834 1655 976 1738 constat,
1001 1679 1161 1752 qnantum
1187 1585 1285 1727 duali
1302 1659 1336 1729 dr
1352 1658 1580 1734 sollicitudinis
1596 1629 1751 1764 pleiique
1767 1669 1894 1743 Dolio-

361 1791 374 1848 i
426 1783 471 1830 res
484 1767 527 1831 Α.
543 1761 583 1830 C.
598 1753 696 1827 saeris
714 1750 854 1836 addiili,
880 1752 948 1848 jam
970 1775 1040 1824 tum
1062 1757 1209 1849 propriis
1229 1752 1361 1826 suarum
1380 1761 1637 1854 compendiis&
1653 1772 1892 1842 convenientiis
2038 1767 2041 1776 ¹

361 1847 377 1998 ἱ
426 1855 531 1926 intenti
557 1850 745 1952 posuerint,
779 1853 813 1920 in
840 1851 1091 1946 contorquendo
1117 1855 1199 1922 Pace
1225 1851 1298 1923 Rel.
1320 1877 1360 1923 ut
1385 1855 1485 1926 hodie
1510 1860 1543 1927 in
1568 1861 1651 1932 Pace
1666 1869 1719 1933 W.
1746 1861 1891 1941 assolent.

428 1955 519 2024 Certe
540 1951 633 2048 quod
658 1949 759 2020 modo
783 1971 821 2018 ex
845 1945 915 2042 ipsa
935 1943 1113 2018 Pastorum
1137 1946 1275 2019 illorum
1294 1947 1504 2022 confeslione
1525 1953 1670 2051 probare
1692 1961 1801 2044 volui,
1826 1987 1896 2034 nou

364 2009 370 2070 ε
427 2045 659 2148 prelupposui.
707 2049 751 2116 Et
770 2045 856 2115 mihi
879 2048 1017 2118 omnine
1039 2041 1175 2126 suffieit,
1200 2042 1393 2122 eonsensum
1419 2071 1497 2120 tunc
1520 2053 1660 2147 Imperii
1681 2080 1896 2132 communem

427 2169 550 2218 eatenus
567 2141 679 2224 fuisse,
704 2143 958 2215 catholicorum
978 2142 1114 2234 quidem
1130 2145 1302 2225 Statuum,
1327 2145 1386 2238 qui
1408 2167 1575 2242 perpetuo
1591 2152 1707 2222 Pacem
1724 2154 1821 2246 Relig
1847 2159 1893 2228 ita

425 2243 649 2316 intellexerunt
665 2239 697 2310 dr
713 2243 923 2336 interpretati
949 2239 1040 2320 sunt,
1064 2235 1320 2311 Proteslantium
1345 2265 1426 2312 vero
1448 2247 1599 2316 Statuum
1619 2247 1653 2318 d*
1675 2245 1895 2336 subditorum,
1934 2249 1938 2254 ’

361 2343 370 2416 “,
428 2341 560 2438 quirilli
576 2340 647 2410 aliis
662 2339 742 2417 viis,
769 2361 806 2407 ut
820 2334 889 2431 ipsa
904 2336 1148 2406 Declarationis
1163 2335 1402 2407 Ferdinandeae
1417 2338 1667 2422 adinventione,
1694 2371 1764 2416 tum
1781 2345 1897 2422 Palio-

361 2435 371 2514 ἑ
428 2461 494 2510 rum
517 2436 652 2510 vinculo
674 2433 811 2504 subditis
833 2433 896 2503 suae
914 2431 1098 2523 Religionis
1123 2429 1246 2504 asseclis
1273 2433 1418 2528 aliquam
1440 2439 1597 2508 Exercitii
1619 2439 1667 2509 sui
1693 2440 1893 2532 libertatem,

361 2553 373 2610 »ζ
429 2527 1869 2628 entslabilemsalteminterritoriofirmamquepermanentiamacquirerestuduerunt.
1974 2541 1977 2548 '

361 2671 379 2756 ‘i
531 2671 595 2740 Vis
611 2666 755 2762 denique
770 2664 912 2736 maxima
926 2660 1004 2734 huie
1023 2656 1187 2732 assertioni
1212 2684 1276 2758 per
1293 2664 1411 2732 Pacem
1426 2667 1483 2733 W.
1505 2661 1648 2748 acceffit,
1673 2691 1746 2763 quae
1762 2667 1831 2764 ipsa
1846 2669 1893 2745 est

369 2769 374 2830 ἰ
427 2767 605 2840 tathentica
621 2767 713 2835 Pacis
734 2761 841 2853 Relig.
857 2760 1102 2856 interpretatio.
1150 2760 1214 2828 Per
1236 2757 1322 2830 hane
1343 2759 1432 2829 enim
1454 2754 1570 2831 asserta
1588 2763 1755 2836 antehaea
1770 2769 1893 2840 Catho-

360 2879 372 2922 ⁵
429 2861 494 2936 licit
509 2860 652 2937 Statibus
674 2859 902 2951 emigrationis
919 2851 1102 2927 necessariae
1116 2852 1352 2952 interpretatio
1368 2852 1498 2926 disertis
1521 2857 1632 2929 verbis
1654 2857 1794 2932 stabilita
1814 2859 1891 2944 suit.

360 2977 376 3042 ⁸,-
430 2963 512 3032 lsam
527 2959 678 3056 quamvis
697 2955 807 3054 quoad
829 2955 905 3024 illos
926 2950 1089 3031 subditos,
1118 2954 1175 3046 qui
1199 2954 1233 3020 in
1254 2976 1340 3022 anno
1353 2951 1513 3023 Normali
1533 2958 1689 3026 exercitio
1708 2958 1820 3053 aliquo
1837 2961 1892 3034 vel

361 3087 373 3140 ·,·
426 3058 553 3156 publico
567 3056 618 3130 vel
633 3059 763 3151 privato
785 3048 883 3145 ganist
906 3046 1055 3130 sacrant,
1081 3051 1155 3118 Paci
1173 3048 1281 3139 Relig.
1299 3049 1331 3118 dt
1346 3051 1421 3144 Juri
1437 3048 1486 3119 illi
1505 3052 1689 3143 emigrandi
1712 3053 1891 3130 necessario

360 3145 368 3218 ἱ
426 3157 615 3248 derogatum
640 3149 762 3233 suerit,
788 3146 898 3244 quoad
923 3169 1059 3218 caeteros
1087 3167 1197 3215 tamen
1223 3144 1369 3215 subditos
1394 3143 1455 3216 isto
1472 3144 1642 3220 destitutos
1667 3147 1788 3226 diserte
1813 3155 1891 3230 addi

360 3225 367 3258 ’
423 3253 564 3349 placuit,
590 3250 682 3346 quod
698 3251 797 3321 etiam
811 3244 864 3316 vel
883 3245 978 3316 inviti
996 3243 1160 3333 emigrare
1173 3240 1283 3335 juberi
1301 3238 1432 3338 possint.
1456 3244 1493 3334 a)

532 3381 635 3452 Unde
656 3379 915 3471 argumentatio,
938 3400 1038 3474 quam
1055 3400 1093 3447 ex
1115 3378 1197 3446 Pace
1213 3372 1322 3466 Relig.
1342 3372 1414 3469 poll
1430 3379 1549 3446 Pacem
1564 3381 1618 3449 W.
1634 3378 1735 3449 modo
1750 3378 1890 3468 confeci,

420 3477 505 3554 &ex
520 3479 795 3575 interpretatione
811 3474 901 3544 illius
923 3474 1111 3543 authentica
1132 3496 1193 3567 per
1213 3472 1297 3541 hanc
1320 3477 1487 3542 communi
1506 3497 1725 3570 utrorumque
1741 3481 1894 3550 Summo·

419 3602 494 3650 rum
514 3571 826 3674 compaciseentium
846 3567 1002 3644 consensu
1015 3567 1156 3642 stabilita
1171 3568 1310 3652 deduxi,
1334 3568 1472 3666 plenum
1490 3568 1585 3642 l'uum
1602 3570 1707 3645 robur
1719 3575 1892 3652 retinet&

416 3677 582 3772 vigorem.

1082 3839 1112 3930 ς.
1162 3835 1232 3912 Xl.

530 3977 640 4051 'usitari
667 3976 757 4048 Parti
784 3967 880 4045 facile
896 3969 1060 4044 obviatur.
1108 3975 1187 4041 Hoc
1203 3966 1312 4068 ipsum
1330 3969 1418 4040 enim
1441 3968 1629 4060 argumenti
1649 3972 1714 4042 mei
1729 3973 1796 4046 vim
1814 3999 1890 4048 ton-

411 4071 543 4162 stimst,
555 4074 658 4172 'qnod
673 4070 769 4143 Palla
783 4071 836 4165 jus
852 4069 1018 4166 quoddam
1029 4067 1167 4162 speciale
1183 4093 1218 4139 ae
1236 4092 1356 4162 preter
1371 4067 1477 4155 legem
1493 4089 1702 4138 comtnunem
1718 4075 1889 4143 continere

415 4171 571 4246 debeant.
617 4170 744 4241 Exinde
761 4171 867 4246 enim,
891 4167 981 4261 quod
998 4162 1116 4236 subditi
1136 4189 1198 4260 pcr
1213 4163 1310 4234 Passa
1326 4163 1550 4258 qua-siverint,
1581 4170 1890 4260 acceptaverintque

413 4267 522 4342 solam
540 4267 746 4340 stabilitatem
763 4271 797 4335 in
811 4265 1004 4333 Territorio
1019 4261 1142 4356 absque
1158 4262 1343 4352 Religionis
1362 4260 1443 4330 adeo
1458 4262 1743 4426 exercitio,sJure
1759 4263 1892 4332 conclu·

415 4367 483 4450 do,
509 4368 592 4438 Pace
607 4359 772 4457 Rcligiosa
787 4385 845 4430 nec
865 4361 974 4438 illam,
999 4358 1230 4428 multominus
1249 4353 1411 4453 posterius
1427 4359 1466 4428 iis
1483 4355 1630 4428 debitum
1662 4353 1748 4427 uisse.
1789 4358 1890 4430 Unde

413 4460 547 4538 silentio
561 4466 692 4560 potius,
719 4482 818 4556 quam
835 4453 1036 4528 refutatione
1051 4455 1250 4564 digna'mihi
1266 4454 1398 4530 videtur
1419 4451 1558 4528 retorsa
1579 4449 1732 4528 adversus
1750 4449 1890 4549 Episcoa

576 4581 578 4586 ·
1823 4573 1889 4646 poa
1934 4581 1938 4592 ¹

461 4699 498 4792 a)
525 4709 649 4782 attv.
673 4703 872 4795 §.mcxvi
894 4701 928 4768 a·
949 4695 1119 4768 xxxvia
