4950 5567
524 611 593 691 ur
616 610 744 712 Juttu
767 611 1006 691 attinctus
1032 609 1483 696 caruoutcrctucn
1507 619 1673 700 sncun
1696 622 1764 700 uc.
1821 633 1876 724 c,
2035 603 2041 614 “

494 795 552 866 Ar
569 801 609 876 5.
628 818 686 869 ⁴0.
702 815 736 865 et
749 787 886 887 quidem
900 813 1133 882 argumentum
1152 795 1464 892 sJureRtsotmrndi
1480 798 1620 895 petitum
1632 797 1741 892 inquit
1754 796 1875 887 r)nee·

417 889 479 962 luo
493 887 569 962 sotis
583 886 748 970 constare,
772 887 852 982 quid
869 884 988 960 summi
1010 888 1209 984 paciscentes
1234 887 1390 1056 subgtue
1404 894 1600 977 Resttmcntii
1619 892 1797 990 compleiii
1813 918 1874 968 vo·

411 987 530 1060 luerint.
584 992 625 1080 o)
648 983 922 1084 Jurisdifflonem
938 983 1194 1058 Eccleliallicum
1212 991 1286 1058 erin
1334 992 1454 1059 ominis
1469 989 1651 1063 Catholicis
1672 993 1707 1060 in
1724 986 1871 1064 subditos

408 1079 615 1158 Prmllrmes
631 1105 671 1156 ex
691 1083 754 1155 hoc
770 1086 854 1179 Jure
871 1076 1090 1153 Reformandi
1105 1106 1299 1180 competere
1320 1109 1386 1156 non
1404 1086 1513 1178 polle,
1546 1110 1622 1158 cum
1641 1084 1779 1160 subditis
1801 1085 1871 1159 illio

406 1181 590 1254 umidum
605 1203 692 1252 enno
713 1186 814 1265 1624.
832 1174 981 1249 habitum
999 1175 1125 1252 saltum
1147 1180 1339 1275 relinquere
1352 1181 1514 1266 debeant,
1549 1204 1648 1277 utque
1666 1184 1710 1253 ita
1734 1183 1817 1256 nihil
1835 1185 1872 1254 in

404 1279 515 1350 horum
530 1275 728 1368 Religione,
754 1278 858 1346 immo
874 1297 916 1344 ne
931 1273 1049 1346 ritibus
1071 1275 1207 1372 quidem
1225 1279 1348 1347 mutari
1373 1274 1482 1372 polse;
1520 1278 1687 1372 jamvero
1709 1303 1873 1374 quaenam

403 1376 500 1470 iuquit
517 1371 557 1445 lit
574 1370 767 1468 jurisdiilio
781 1366 1018 1456 Ecclesiastico,
1040 1369 1062 1443 fi
1079 1375 1112 1444 ti
1127 1373 1217 1443 illius
1235 1372 1401 1467 ejusmodi
1414 1375 1496 1471 quid
1510 1399 1578 1446 nun
1595 1378 1782 1469 competit?
1833 1379 1869 1469 3)

403 1473 451 1568 Jos
463 1469 531 1542 hoc
550 1465 772 1542 Reformandi
786 1492 852 1538 non
865 1491 1059 1563 competere
1069 1468 1214 1540 Stetibus
1229 1468 1288 1540 nist
1301 1470 1391 1565 juxta
1413 1469 1562 1543 ufitatam
1576 1493 1617 1543 eo
1636 1494 1743 1566 usque
1762 1468 1873 1552 obser·

404 1567 559 1647 ruciam,
587 1589 627 1640 ex
643 1566 704 1637 hac
724 1562 794 1662 ipsa
805 1588 890 1636 ¹veto
902 1564 1085 1635 dilucidum
1095 1561 1157 1636 elle
1164 1564 1441 1661 Jurisdiiiionem
1449 1564 1703 1640 Ecclefialiicam
1717 1565 1757 1637 rb
1765 1570 1872 1640 omui·

369 1677 372 1682 '
405 1660 617 1750 iustrtibus
633 1665 810 1734 exercitam
824 1683 890 1731 non
904 1654 1017 1743 fuilse,
1049 1663 1099 1732 uti
1122 1662 1338 1734 acatholicis
1360 1666 1483 1737 intuitu
1504 1662 1712 1736 subditorum
1735 1660 1873 1737 suorum

404 1760 659 1832 Catholieotum.
696 1758 808 1829 Facile
825 1755 888 1829 hae
905 1755 1141 1852 Responstones
1158 1767 1306 1850 Anonymi
1322 1783 1422 1858 quam
1436 1764 1549 1834 inanes
1562 1758 1641 1840 fint,
1667 1759 1871 1831 ostenditurr

404 1856 527 1940 samad
554 1858 593 1947 t)
606 1851 752 1951 quaestio
768 1853 823 1926 hic
840 1849 888 1924 est
904 1854 947 1926 tle
959 1857 1044 1951 Jure
1056 1850 1292 1938 Reformondi,
1323 1856 1422 1953 quale
1442 1854 1502 1929 suu
1522 1880 1675 1952 tempora
1696 1852 1872 1927 Reforma-

405 1957 491 2026 n'onit
505 1952 589 2025 inde
605 1955 650 2023 iu
668 1948 776 2023 distre
792 1971 1029 2033 exercuerunt,
1065 1975 1166 2048 atque
1185 1949 1243 2023 libi
1261 1954 1470 2025 vindicarunt
1483 1950 1613 2048 ipsimet
1628 1951 1868 2038 Protestantet;

405 2052 483 2146 tiqui
502 2051 552 2121 nil
568 2051 748 2148 quicquum
763 2045 809 2128 ad,
825 2044 1090 2141 jurisdiilionetn
1113 2045 1366 2121 Ecclesttllimm
1393 2046 1515 2122 referri
1542 2046 1676 2121 solitum
1697 2043 1871 2123 ostendere

403 2152 518 2246 poterit
532 2155 726 2236 Anonymrtt,
748 2145 838 2240 quod
857 2144 959 2216 iidem
971 2141 1030 2215 sub
1043 2165 1214 2240 praetextu
1228 2146 1328 2240 hujus
1345 2149 1439 2242 Juris
1454 2140 1672 2219 Reformtndi
1689 2168 1756 2216 non
1776 2143 1871 2218 usur·

361 2249 369 2262 ''
406 2246 523 2358 'perinte
550 2242 594 2315 ad
611 2241 654 2338 ι)
670 2240 718 2312 nil
731 2237 880 2313 exrliilis
894 2245 1042 2331 Anonymi
1058 2239 1288 2337 consequitur,
1313 2240 1371 2313 nist
1386 2243 1450 2314 hoc
1467 2237 1753 2341 JusReformandl
1769 2264 1870 2338 atque
1887 2259 1903 2274 ‘

406 2337 664 2438 ,obliuionem
677 2340 777 2428 eciam
791 2332 1045 2410 Ecclelitssierm
1060 2342 1105 2408 ita
1119 2341 1264 2410 exerceri
1282 2338 1425 2426 debere,
1450 2363 1488 2411 ut
1510 2340 1556 2409 nil
1577 2338 1772 2433 praejudicii
1792 2337 1871 2412 iude

408 2439 576 2528 teti(nim
594 2457 691 2509 orere
705 2428 914 2530 praetensum
928 2434 993 2506 rite
1007 2435 1129 2506 iterum
1150 2432 1350 2529 negligitur)
1375 2432 1434 2507 fist
1455 2432 1638 2533 polleffioni
1660 2433 1870 2510 subditorum

389 2615 392 2620 ,
408 2557 487 2608 troo
498 2534 641 2624 normali
656 2535 784 2604 tutione
803 2530 986 2623 Religionis
1000 2551 1034 2601 et
1047 2553 1269 2612 annexorum,
1290 2532 1381 2625 quod
1396 2555 1495 2604 nenio
1509 2555 1619 2623 negat.
1667 2529 1801 2604 Restant
1814 2555 1871 2604 au·

407 2653 463 2705 test
482 2630 592 2704 adhue
630 2629 704 2700 lura
714 2624 956 2722 jurisdiilionis
974 2622 1211 2700 Ecclelitssicae
1225 2649 1261 2696 ca
1289 2627 1352 2706 ira,
1376 2650 1463 2721 quoe
1483 2625 1570 2698 salva
1591 2629 1692 2699 etiam
1712 2626 1771 2698 isla
1791 2625 1869 2723 pos-

406 2723 529 2806 scffionc
541 2731 577 2800 in
592 2655 739 2799 lllbtlitos
758 2720 923 2820 ejusmodi
938 2722 1047 2794 locum
1061 2720 1186 2794 ltabere
1203 2649 1352 2817 pullum:
1377 2722 1467 2818 quod
1482 2721 1557 2795 sane
1571 2723 1706 2795 evidens
1718 2720 1764 2794 ell
1780 2747 1818 2794 ex
1830 2731 1870 2806 Ι.

411 2853 454 2899 ιο.
474 2831 513 2900 P.
534 2833 577 2898 R.
593 2823 670 2905 ubi3
707 2845 783 2896 cum
802 2813 1000 2916 Jurisdiilio
1029 2815 1247 2892 Ecclefitsticr
1263 2817 1417 2915 jamdum
1439 2823 1568 2891 trtione
1589 2820 1792 2911 Religionis,
1826 2819 1871 2890 ri·

410 2943 491 2996 tuum
507 2921 574 2996 &u
591 2915 741 3016 suspensa
760 2911 887 2999 fuissem
912 2919 946 2988 in
961 2912 1114 3011 pluribus
1136 2938 1245 2985 tamen
1261 2913 1404 2996 cafibus,
1436 2921 1486 2988 uti
1502 2913 1603 2986 ctufis
1620 2914 1872 2986 matrimoniali·

409 3017 475 3104 bos,
500 3019 728 3097 decimarum,
749 3014 1029 3109 jurispatronatus
1043 3012 1105 3084 ut.
1121 3005 1275 3107 expreffis
1291 3010 1400 3083 verbis
1415 3012 1588 3109 Epilcopis
1603 3009 1688 3083 solva
1708 3008 1777 3086 fuit
1793 3023 1889 3104 cous

409 3113 533 3190 urum
586 3114 641 3187 nd
660 3115 699 3208 3)
719 3110 807 3182 Tale
821 3115 879 3208 Jus
895 3103 1113 3179 Reforttttndi
1128 3131 1167 3180 ex
1189 3115 1231 3180 A.
1257 3134 1289 3188 5.
1312 3117 1350 3191 ti.
1366 3133 1422 3197 30.
1447 3109 1629 3180 Catholicis
1651 3113 1751 3179 etiam
1774 3108 1871 3179 Steti·

408 3211 459 3288 bus
471 3237 548 3288 com
577 3213 657 3293 ecit,
674 3211 773 3306 quale
784 3231 822 3278 ex
837 3204 1042 3279 observentia
1063 3228 1097 3277 et
1110 3226 1182 3276 tum
1200 3201 1315 3275 usitato
1335 3208 1429 3300 praxi
1447 3228 1664 3278 exercuerunt
1688 3200 1873 3276 Protestrn·

410 3333 466 3397 tet,
497 3308 533 3383 se
571 3307 637 3381 hoc
654 3311 742 3378 inter
758 3302 933 3377 cliaetiam
952 3299 1219 3398 jurisdiliionem
1243 3299 1496 3373 Ecclefialiicom
1516 3303 1551 3371 in
1572 3298 1637 3373 sese
1658 3301 1871 3396 complerunt

408 3403 492 3484 iuiffe
507 3407 578 3503 jam
592 3404 677 3475 dixi:
704 3417 751 3474 on-¹
765 3425 797 3474 et
811 3398 942 3496 qualern
962 3395 1230 3495 jurisdiilionem
1249 3400 1387 3468 Domini
1410 3399 1574 3470 Catholici
1589 3399 1624 3468 in
1642 3396 1871 3470 Ecclefiallicis

398 3501 456 3578 ‘lbi
474 3509 511 3578 iu
531 3500 682 3574 subditos
702 3497 883 3570 catholicos
905 3497 1072 3568 vindicare
1094 3517 1232 3590 queant,
1265 3492 1518 3568 Protellantium
1543 3520 1609 3565 non
1631 3494 1782 3575 interest,
1815 3489 1872 3565 sed

361 3659 362 3664 ,
408 3623 558 3702 uuquam
574 3621 630 3672 res
650 3599 737 3671 iuter
752 3593 942 3667 catholicos
958 3590 1044 3666 solos
1058 3588 1190 3666 vulcus
1206 3613 1246 3665 ex
1262 3592 1334 3664 aliis
1348 3594 1524 3690 principiis
1542 3589 1589 3664 est
1602 3589 1824 3686 dijudicando.

423 3781 426 3786 ¹
513 3792 824 3885 energumenum
848 3782 1025 3858 seeundum
1041 3784 1115 3856 eod.
1157 3809 1221 3857 .ex
1235 3806 1341 3858 matut
1362 3788 1548 3874 aequalitate
1570 3784 1751 3879 repetitum
1771 3779 1873 3878 tepli-

407 3917 448 3966 αι
463 3899 642 3981 Anonymus
663 3891 700 3980 t)
715 3886 799 3956 hanc
815 3883 1047 3979 aequolitotem
1065 3885 1132 3952 inte
1148 3883 1312 3973 ligendam
1327 3879 1480 3953 derebus
1495 3875 1638 3951 formam
1655 3878 1872 3974 Reipublicae

409 3987 571 4062 etlimilia
593 3981 892 4062 concernentibus,
922 4003 990 4050 non
1011 4002 1092 4048 vero
1114 3979 1337 4072 Religionem.
1391 3979 1429 4068 2)
1455 4000 1563 4071 neque
1586 3977 1669 4047 adeo
1690 3972 1801 4046 {uiue
1821 3973 1872 4045 su·

408 4087 556 4160 ruendam
577 4084 661 4154 hanc
679 4078 928 4174 aequalitatem,
954 4074 1008 4146 led
1033 4077 1168 4170 utrique
1192 4079 1281 4172 parti
1307 4073 1455 4167 aequalia
1482 4097 1676 4168 competere
1694 4073 1786 4166 jura,
1812 4067 1871 4161 nili

407 4185 455 4258 ubi
471 4180 545 4282 ipsa
561 4176 703 4271 alicujus
719 4177 822 4270 partis
841 4173 1021 4265 Religionis
1036 4175 1199 4268 principia
1218 4174 1448 4244 limitationem
1464 4193 1635 4264 expetant,
1658 4171 1735 4239 inde
1750 4168 1872 4239 Catho-

409 4282 481 4354 licos
499 4285 533 4351 in
556 4275 705 4348 litbditos
722 4269 870 4367 ejusdem
886 4270 1068 4359 Religionis
1085 4293 1294 4365 nequaquam
1311 4290 1348 4337 ea
1361 4261 1522 4362 pollidere
1537 4268 1629 4360 jura,
1654 4290 1740 4360 quae
1757 4263 1872 4333 Domi·

409 4381 450 4450 ris
464 4369 727 4450 Protellantibus
743 4371 776 4438 in
791 4365 936 4437 subditos
953 4363 1170 4436 Protellantes
1185 4385 1385 4460 competant.
1434 4367 1472 4454 3)
1496 4366 1545 4432 uti
1561 4359 1640 4433 telle
1652 4365 1814 4430 Musti
1825 4377 1870 4438 0,

410 4501 502 4572 quem
525 4468 632 4546 refert
652 4477 799 4555 Anonym.
818 4467 982 4535 Domintis
1005 4460 1259 4534 Protellanticus
1283 4465 1316 4531 in
1343 4459 1495 4554 pluribus
1519 4455 1661 4532 cafibus,
1687 4480 1728 4527 ne
1749 4451 1874 4526 officiat

411 4573 620 4651 consuenttae
646 4561 855 4639 subditotum
877 4560 1150 4641 catholicorum,
1163 4564 1210 4732 lip
1236 4583 1294 4631 eos
1309 4583 1374 4634 non
1392 4551 1489 4655 poffit
1502 4578 1655 4631 exercere
1668 4548 1873 4648 jurisdiliio·

1224 4684 1243 4729 a
1578 4729 1587 4742 ,
1795 4671 1875 4722 oens
