4950 5567
455 598 567 699 ‚305
747 543 749 547 ’
939 562 1519 674 nrssauratro

430 755 434 780 '
492 767 666 850 solatium,
690 758 782 862 quod
796 757 861 834 soit
878 752 1062 855 sumptibus
1074 776 1176 828 notas
1192 753 1323 846 erigere
1336 751 1493 830 Ecclesiae
1507 756 1675 846 integrum
1691 752 1758 827 illia
1771 753 1913 852 poslbte
1926 782 1975 836 re·

493 868 716 960 linqueretur.
762 862 855 929 Nam
877 855 915 927 ὣ
928 850 1078 952 sumptus
1094 851 1259 947 ejusmodi
1272 856 1429 925 Dominis
1445 851 1745 938 Terrirorinsibut,
1769 857 1812 928 ad
1826 882 1913 954 quos
1928 882 1974 931 to·

494 941 567 1040 tum
581 960 765 1050 Religionis
780 952 986 1025 subditorum
1003 950 1178 1022 arbitrium
1197 948 1277 1021 alias
1318 954 1522 1039 eminuerat,
1554 953 1587 1021 dr
1604 951 1724 1046 quibus
1738 973 1868 1036 totum,
1885 955 1974 1052 quod

493 1055 660 1137 habebant
676 1051 815 1133 subditi,
839 1052 1030 1121 exercitium
1046 1050 1079 1119 in
1095 1070 1170 1117 occe
1198 1047 1240 1117 ris
1254 975 1384 1120 teserre
1399 1044 1578 1127 debebant,
1609 1051 1643 1117 in
1667 1050 1810 1138 gratiam
1830 1047 1971 1124 subdito·

498 1177 576 1233 rum
592 1150 656 1223 ose
670 1144 925 1221 dissentientium
941 1141 1104 1242 suscipere
1120 1071 1275 1225 dissciie,
1301 1141 1433 1226 defore,
1456 1149 1508 1214 cui
1526 1141 1675 1216 addissoa
1687 1141 1721 1216 se
1733 1149 1861 1243 quique
1876 1147 1974 1244 profi·

497 1250 670 1329 rebantur,
695 1245 863 1334 Religioni
880 1267 913 1312 tn
928 1238 1059 1336 sequela
1074 1238 1130 1311 sna
1147 1238 1371 1334 perniciosum
1387 1236 1462 1311 satis
1478 1237 1604 1323 fuerat,
1629 1263 1669 1313 ut
1683 1266 1865 1339 propterea
1887 1245 1971 1320 &ob

497 1348 584 1422 benc
603 1340 709 1441 ipsam
723 1336 951 1420 difficultatem
967 1337 1134 1430 Religioni
1154 1359 1312 1432 tanquam
1329 1341 1416 1409 inter
1429 1336 1584 1410 homines
1599 1336 1802 1423 constitura,
1825 1341 1972 1441 adeoque

496 1439 668 1519 mediis&
688 1435 836 1510 subsidiis
850 1434 1110 1532 temporalibus,
1143 1430 1344 1505 secundariis
1359 1433 1454 1516 licet,
1487 1439 1625 1506 omnino
1651 1457 1761 1509 tamen
1780 1436 1971 1525 necessariis,

497 1539 662 1631 indigenti
676 1533 857 1607 admodum
875 1529 1157 1629 prejudiciosam,
1181 1532 1378 1602 Simultanei
1399 1530 1495 1604 crudi
1518 1531 1726 1624 abrogationi
1744 1539 1870 1607 merito
1888 1540 1972 1611 omni

497 1640 622 1710 virium
637 1654 758 1705 conatu
772 1626 974 1712 resisterent,
998 1628 1033 1700 dt
1049 1629 1185 1725 quidem
1204 1629 1343 1700 eandem
1365 1624 1457 1698 suam
1477 1625 1688 1700 resssentiam
1714 1628 1788 1726 posl
1807 1631 1971 1708 abdicarat

497 1734 567 1831 iam
584 1728 712 1803 reditun
725 1727 981 1806 Perochiarum,
1006 1749 1164 1821 tanquam
1188 1722 1389 1797 adestinaria
1415 1725 1456 1795 ad
1476 1720 1635 1796 fabricam
1650 1725 1872 1802 Eccsefiarum
1892 1732 1974 1804 redi·

499 1827 588 1903 tibus
604 1827 701 1924 plane
716 1821 885 1896 dissinslot
895 1872 905 1906 ‚
927 1847 969 1894 eo
982 1817 1104 1894 fortius
1119 1823 1369 1903 continuarent,
1391 1844 1428 1891 ur
1447 1822 1512 1892 illis
1534 1818 1652 1893 amissa
1669 1822 1738 1919 jam
1755 1850 1864 1897 unum
1882 1852 1972 1913 onut,

499 1925 733 2021 competentia
754 1923 913 1992 nimirum
934 1917 1107 1989 Pasloralis
1129 1940 1168 1987 ex
1194 1914 1253 1988 suo
1275 1915 1557 1989 subministranda
1583 1916 1640 1990 fibi
1665 1919 1881 2007 incumbere,
1921 1949 1972 1999 ent

351 2066 357 2077 ·
500 2043 664 2119 preterea
681 2014 746 2091 five
758 2015 948 2088 Catholicos
964 2011 1027 2085 sive
1042 2011 1261 2085 Proreslanres
1275 2014 1625 2087 resDecimaro'resses
1637 2015 1798 2089 Patronus
1815 2021 1869 2092 vel
1880 2026 1975 2094 Com·

499 2117 707 2196 munitates,
750 2108 871 2209 quibus
894 2106 1111 2180 Ecclestarum
1133 2107 1335 2183 conssrusiio
1359 2134 1422 2208 pto
1449 2109 1635 2184 diversitate
1655 2114 1972 2191 circumstantiarum

355 2265 358 2274 -
421 2265 425 2272 -
454 2243 458 2252 ·
499 2214 680 2290 convenit,
702 2208 829 2305 duplici
843 2229 944 2278 onere
957 2208 1087 2298 gravari
1101 2230 1168 2277 non
1186 2203 1277 2302 posse
1291 2207 1458 2289 videntes,
1474 2209 1537 2281 hoc
1552 2207 1666 2280 saltem
1680 2208 1972 2286 conservatorum·

405 2342 407 2346 ·
499 2309 597 2382 muni
622 2301 840 2377 Ecclesiarum
863 2300 940 2375 sicet
959 2304 992 2371 in
1012 2300 1174 2397 potestate
1195 2302 1229 2374 dr
1250 2306 1412 2376 Dominio
1427 2303 1683 2378 Proteslantium
1703 2303 1915 2384 subditorum
1935 2310 1976 2386 se·

502 2403 650 2477 cundum
666 2396 892 2498 possessonem
915 2400 990 2468 anni
1007 2398 1184 2470 Normalis
1200 2395 1392 2475 relislarum
1415 2397 1476 2474 usu
1495 2398 1724 2496 subterfugere
1743 2404 1777 2477 dr
1798 2405 1871 2480 ase
1893 2435 1974 2484 amo·

503 2502 560 2575 liri
577 2494 714 2596 possent
763 2479 914 2567 Unde&
933 2491 1060 2567 desum
1088 2494 1174 2567 tibus
1190 2492 1277 2569 hisce
1292 2521 1357 2593 pro
1384 2520 1435 2569 tet
1453 2498 1617 2596 majorem
1634 2524 1812 2575 numerum
1831 2507 1975 2579 carsoli.

503 2620 620 2671 corum
640 2592 848 2666 subditotum
865 2589 1043 2686 aliquando
1060 2520 1258 2687 sperandum
1273 2521 1456 2665 necesariis
1472 2592 1594 2668 futuris
1617 2601 1848 2695 exceptionem
1870 2598 1975 2680 farere

501 2691 783 2789 supervacaneum
798 2683 926 2773 suerat3
950 2710 1027 2759 cum
1043 2687 1113 2758 haec
1130 2682 1199 2783 ipsa
1215 2685 1422 2760 liberalitatis
1438 2717 1477 2765 ex
1496 2689 1554 2765 suo
1574 2690 1710 2765 subditis
1731 2696 1923 2793 praestanda
1938 2703 1974 2775 li·

502 2790 615 2864 bertas
628 2811 719 2859 extra
732 2779 1030 2858 contradissionem
1046 2778 1148 2879 posita
1166 2776 1289 2866 suerit,
1314 2783 1464 2879 ejusdem
1479 2814 1559 2861 vero
1572 2787 1737 2864 necessitas
1751 2794 1973 2889 abrogationi,

443 2877 447 2886 .
502 2883 698 2957 simultanei
713 2880 826 2960 crudi,
850 2876 947 3042 punse
963 2879 997 2945 in
1010 2873 1144 2948 Recessu
1159 2878 1424 2972 intelligebatur,
1449 2883 1624 2958 necessaria
1638 2885 1769 2984 sequela
1788 2887 1915 2978 fuerit,
1932 2920 1976 2969 ar·

502 2971 1464 3151 Risisseislssif‘fss':ss'sssfsu‘is‘ssl
1484 2981 1977 3175 issi‘ins‘niffifg'ssss

499 3159 636 3268 jamjam
652 3165 708 3237 fini
728 3161 786 3237 suo
801 3165 1101 3262 propinquantium
1116 3170 1337 3241 irritationem
1356 3173 1524 3266 protrasla
1542 3178 1652 3272 quoad
1665 3180 1729 3251 hoc
1745 3178 1975 3262 simultaneum

501 3267 704 3339 Exercitium
717 3259 907 3333 succurrere
922 3262 954 3333 dr
971 3260 1136 3357 proficere
1152 3290 1216 3335 non
1231 3266 1373 3362 amplius
1387 3277 1558 3367 potuerit,
1575 3277 1821 3351 etiamnullum
1837 3287 1977 3380 amplius

502 3362 692 3437 remedium
711 3354 891 3453 superesse,
917 3355 1051 3440 afferri,
1076 3382 1132 3430 aut
1146 3357 1273 3456 sperari
1290 3364 1368 3435 inde
1389 3364 1479 3462 posse
1496 3370 1765 3460 dignoscebatur,
1801 3375 1978 3455 staccessu·

505 3483 578 3532 ram
594 3455 650 3527 fibi
667 3453 858 3549 sumptuum
874 3457 908 3523 in
921 3480 1084 3526 novorum
1102 3457 1307 3554 templorum
1327 3462 1570 3537 conslrussione
1585 3468 1858 3546 collocandorum
1875 3475 1980 3552 neces·

504 3552 632 3629 firatem
647 3549 760 3623 rursus
777 3574 950 3647 opponere
967 3549 1190 3648 perrexissent.
1240 3554 1376 3630 Verbo:
1403 3587 1476 3658 quae
1492 3559 1579 3633 disse
1602 3565 1635 3635 dr
1657 3573 1782 3641 mutuis
1800 3572 1882 3646 hinc
1904 3577 1978 3650 inde

505 3647 724 3724 Traslatibua
743 3647 877 3720 demum
894 3645 1044 3718 conclusa
1059 3650 1175 3744 reapse
1198 3646 1352 3739 suerunt,
1384 3659 1534 3751 regulam
1555 3684 1654 3755 atque
1674 3689 1825 3739 normam
1845 3671 1979 3766 posthfle

508 3745 732 3831 musinium,
748 3769 815 3817 non
830 3769 903 3838 quae
916 3743 979 3815 dici
997 3745 1135 3816 ulterius
1152 3744 1331 3821 secundum
1345 3756 1507 3850 cujusque
1524 3761 1642 3849 privari
1657 3785 1742 3833 nunc
1757 3790 1981 3843 commentan-

508 3846 553 3917 tis
570 3844 732 3913 Critirion
752 3838 940 3936 potuissent.
997 3845 1116 3913 Tacite
1143 3841 1216 3916 sane
1237 3850 1452 3923 Summornm
1474 3856 1686 3948 Principum,
1719 3861 1907 3954 presertim
1925 3867 1982 3940 ubi

507 3963 586 4013 cum
602 3935 738 4009 subditis
752 3938 870 4028 iisdem
887 3962 940 4008 res
955 3943 1082 4029 agitur,
1109 3939 1141 4011 dr
1156 3943 1165 4010 i
1195 3939 1305 4014 sorum
1320 3952 1354 4017 in
1371 3972 1470 4019 manu
1487 3955 1659 4041 negotium
1675 3956 1815 4051 positum
1832 3960 1897 4047 est,
1912 3991 1981 4038 non

508 4037 665 4126 derogari
686 4032 858 4106 solereaut
871 4029 976 4127 posse,
999 4039 1115 4108 tritum
1136 3966 1230 4108 ess&
1247 4044 1449 4135 expeditum.
1493 4049 1649 4131 Accedit,
1675 4052 1765 4147 quod
1781 4059 1892 4132 Statua
1903 4065 1983 4136 Pro·

506 4130 664 4208 v‘snciaset
683 4127 879 4223 Augussanae
896 4126 1094 4203 Confessroni
1112 4131 1253 4217 addisli,
1278 4142 1387 4231 quoad
1403 4138 1614 4228 insertionem
1630 4149 1838 4253 Clausulas.
1856 4181 1916 4254 33,
1931 4158 1985 4236 su.

507 4228 710 4327 peraddirae,
737 4226 825 4297 &de
843 4251 962 4297 cetero
976 4229 1184 4324 reliquorum
1201 4235 1425 4309 Dominorum
1446 4238 1565 4311 subdiri
1579 4247 1688 4338 quoad
1704 4256 1739 4333 §.
1758 4273 1813 4346 3¹·
1830 4253 1864 4326 ἃ
1879 4258 1985 4335 hunc.

509 4347 549 4397 ce
570 4349 625 4417 33.
641 4322 794 4395 aduersus
814 4326 978 4396 Dominos
993 4323 1253 4413 Territotiases,
1285 4336 1419 4430 antiqua
1442 4334 1600 4410 hissenus
1620 4368 1682 4439 per
1701 4348 1892 4426 universum
1917 4361 1985 4432 Im·

510 4424 645 4548 perium
660 4416 774 4496 ufitata
789 4424 902 4519 praxi,
923 4421 1051 4500 &Pace
1065 4427 1231 4503 anteriore
1244 4430 1408 4527 Religiosa
1430 4457 1518 4509 tutos
1539 4461 1658 4515 novam
1680 4438 1739 4521 fibi
1753 4445 1988 4565 segemespe.

1854 4570 1985 4634 uertat.
