4950 5567
625 617 698 698 DE
722 615 1229 698 PACTORUMHILDES.
1254 619 1315 698 IN
1341 619 1589 722 CONFsRM.
1616 629 1787 710 COMM.
1808 633 1875 712 tec.
1910 663 1996 738 259
2092 691 2097 702 ·

490 881 494 886 ,
568 791 747 878 ‘stantum
764 798 898 877 Virum
914 798 1067 907 depeffe
1083 798 1270 904 adpaffiem
1288 801 1424 908 insequi
1442 828 1512 882 non
1532 805 1708 905 erubesco,
1731 828 1775 890 ut
1792 810 1892 895 nibil
1907 813 1992 908 tibi,

563 902 633 978 lior
668 898 859 994 Benevole‚
876 897 1052 995 stepeustt,
1077 926 1181 1004 quam
1212 922 1425 1006 argumenta
1449 901 1494 980 ab
1521 903 1700 985 alterutro
1724 937 1771 987 ex
1798 913 1994 996 relatorum

469 1029 473 1106 ζ
521 1017 673 1082 textuum
694 1006 864 1101 utrinque
882 996 1067 1074 eorundem
1086 1015 1207 1078 tenore
1225 1001 1428 1104 deprompta
1444 1020 1584 1096 aeature
1586 1006 1787 1106 ponderare
1793 1061 1806 1100 ,
1835 1014 1901 1101 ἓν,
1920 1030 1992 1115 pro

469 1117 470 1128 ¹
517 1119 588 1179 stra
597 1113 706 1202 parte
709 1096 854 1193 fartim
867 1095 1028 1174 militent
1034 1146 1047 1185 ,
1057 1100 1218 1192 statuere
1230 1127 1272 1176 ac
1287 1096 1483 1203 dijudicare
1489 1131 1504 1195 ;
1549 1109 1669 1181 enitus
1684 1122 1800 1185 tamen
1814 1109 1903 1188 rasili
1937 1140 1992 1189 er.

486 1253 491 1262 -
508 1197 636 1302 frequen
657 1196 781 1292 baleo,
806 1194 876 1275 luc
894 1214 1106 1301 argumenta
1126 1196 1208 1276 inde
1227 1198 1367 1278 delatio
1386 1202 1496 1279 multo
1528 1208 1670 1280 ortiora
1684 1209 1725 1281 in
1745 1233 1820 1284 rene
1836 1128 1990 1292 carlile·-

512 1325 577 1378 eam
591 1326 615 1374 a
630 1313 666 1376 te
679 1292 919 1400 deprehenfiua
932 1299 1004 1381 iri,
1054 1315 1133 1373 uam
1149 1313 1193 1374 ut
1211 1299 1268 1375 illi
1276 1297 1527 1402 prejudicium
1541 1301 1686 1406 aliquod
1695 1303 1776 1381 iaie
1782 1307 1872 1399 fieri
1882 1311 1974 1412 poffe

514 1397 698 1476 Teutonico
721 1395 985 1498 Juriseonstelti
1006 1323 1097 1473 alias
1123 1393 1352 1474 Celeberrimi
1373 1401 1589 1506 eloquentia,
1612 1400 1704 1504 styli
1719 1401 1904 1502 stravitas,
1938 1367 1988 1490 &l
2046 1449 2068 1481 ι·

512 1495 869 1620 (immanita-lingua
881 1499 984 1573 nitor
990 1494 1201 1598 perfimdere
1219 1495 1291 1574 tibi
1307 1499 1437 1576 ualeat.
2076 1547 2082 1561 ·

514 1641 517 1648 '
616 1629 911 1748 Qemadmoeluru
934 1629 981 1709 θ’
1001 1645 1062 1709 tuo
1082 1625 1447 1737 libentiffimejudicio
1461 1635 1666 1725 committo,
1690 1658 1819 1711 annon
1832 1621 1989 1718 enuntia

478 1827 486 1838 .
506 1754 561 1834 que
574 1729 655 1826 usus
656 1725 800 1826 fuerim
813 1728 993 1825 modestia,
1018 1756 1093 1834 qua
1107 1729 1338 1828 Profeffiereen
1357 1731 1541 1810 Publicum
1555 1729 1600 1807 ab
1612 1732 1811 1809 altercandi
1825 1736 1987 1834 libidine,

469 1907 471 1916 ,
506 1835 567 1924 ispo
583 1831 630 1910 is*
641 1834 740 1907 omni
753 1829 1004 1933 Apologetico,
1024 1844 1090 1905 aut
1097 1835 1222 1929 potius
1239 1827 1645 1930 refutatorioscrilendi
1652 1856 1799 1932 genere,
1817 1851 1987 1939 tanquam

500 1927 693 2044 pemque
712 1925 873 2024 obscuro,
901 1928 948 2007 Εἴ
970 1928 1124 2005 eruditis
1142 1926 1289 2006 auribus
1312 1933 1483 2034 oculisque
1504 1934 1672 2033 ingrato,
1705 1956 1809 2032 quam
1829 1940 1986 2012 maxime

504 2025 659 2110 tirenum.
701 2032 804 2132 uique
816 2029 978 2102 neutrius
990 2026 1116 2104 Partis
1128 2023 1337 2113 Patremon,
1342 2029 1411 2124 fid
1409 2031 1526 2126 solius
1541 2029 1716 2106 veritatis
1725 2032 1878 2111 amicum
1891 2057 1985 2124 cum-3

468 2197 473 2228 ,
498 2052 817 2234 Wurejimpit,
837 2151 941 2231 quam
955 2129 1085 2230 optime
1098 2121 1227 2204 deceat.
1277 2127 1378 2208 Vale.

952 2327 1581 2464 sammaa-ens
1713 2464 1716 2468 ,

508 2567 531 2660 5.
542 2561 573 2642 l.
620 2561 762 2668 Religio
773 2559 940 2667 frequens
955 2558 1141 2636 Pallanum
1155 2560 1323 2635 materies
1335 2557 1376 2634 in
1397 2555 1607 2634 Germania.

506 2697 545 2778 11.
588 2696 750 2791 Diuersa
763 2693 933 2800 ejusuadi
942 2695 1131 2874 tPallorum
1147 2693 1294 2794 diviſsa,
1313 2675 1361 2772 ἓν
1374 2691 1640 2769 universalium
1655 2688 1813 2796 exempla
1825 2689 1981 2797 quadarn
2054 2709 2065 2728 ‘

690 2822 941 2877 commemorare
961 2822 1018 2873 ur.
1153 2841 1159 2853 ·

506 2931 559 3012 111.
606 2933 712 3012 Inter
727 2933 954 3009 Particularia
958 2929 1146 3035 specialem
1159 2937 1280 3007 notam
1294 2927 1426 3005 mereri
1440 2923 1611 3002 videntur
1624 2920 1861 3022 Hildesteufia.
1929 3011 1936 3024 ,

504 3069 561 3150 lv.
609 3067 743 3148 Belum
764 3064 994 3166 Hildefieuse,
1019 3083 1085 3143 aut
1104 3064 1277 3156 diffidatio
1295 3067 1352 3139 ita
1374 3059 1486 3150 diae,
1513 3085 1561 3135 ex
1578 3054 1679 3157 cujus
1693 3055 1834 3158 infelici
1845 3073 1976 3138 eventu
2053 3037 2056 3041 Α

688 3167 877 3261 Dioeceseos
891 3170 931 3242 iu
947 3172 1119 3258 majorem
1137 3168 1184 3244 ΕΤ
1200 3169 1377 3241 minorem
1394 3158 1519 3255 diviſsa
1533 3172 1649 3233 enata.

504 3302 548 3384 V.
592 3307 746 3403 Majoris
763 3302 952 3402 Dioceffeos
979 3305 1078 3378 inter
1098 3301 1135 3374 H
1146 3322 1166 3372 Ε
1177 3319 1360 3374 anteum
1376 3291 1568 3394 Juniorem
1586 3291 1633 3371 is·
1649 3293 1711 3366 Eu
1722 3313 1733 3365 1
1746 3312 1838 3366 cum
1854 3288 1974 3367 Senio·

688 3427 763 3480 rem
783 3398 1007 3496 distributio,
1024 3400 1082 3478 'Eu’
1093 3395 1257 3505 fielsequa
1278 3399 1318 3473 in
1337 3410 1523 3499 utramque
1532 3405 1678 3495 partem
1693 3390 1975 3486 Reformatiom's
2108 3433 2111 3438 ·

678 3502 733 3600 fic
747 3502 847 3578 ditia
865 3501 1038 3601 irruptio.
1114 3613 1116 3618 Ι

502 3635 580 3714 vs:
608 3636 703 3714 lelem
711 3637 840 3732 fatum
859 3635 906 3715 θ’
922 3639 1041 3712 minor
1056 3630 1096 3710 ob
1116 3629 1360 3734 Epifioporum
1379 3627 1626 3729 impotentiam
1633 3619 1763 3720 fiebiit.

502 3771 579 3850 vu.
625 3773 672 3850 ln
692 3767 793 3849 hacce
812 3774 965 3861 minori,
981 3786 1141 3874 tanquam
1155 3760 1467 3872 frequentioribus
1489 3754 1785 3859 uiceffitudiuibus
1807 3753 1974 3858 obnoxia,

678 3871 791 3974 plura
806 3869 990 3948 I'aliorum
1016 3867 1173 3971 exempla
1179 3867 1353 3968 prostant.

499 4005 594 4088 vus.
640 4007 947 4202 MsaqurtDiecests
960 4022 1029 4110 per
1044 3998 1266 4081 Sententiam
1286 3993 1499 4076 Cameralera
1511 3989 1678 4097 Episcopo
1693 3985 1903 4114 Hillesteust
1918 3995 1974 4066 re·'

714 4134 727 4183 e
750 4133 823 4184 ua.
2104 4149 2107 4154 .

495 4236 549 4317 lx.
598 4235 711 4345 Cujus
730 4243 848 4336 quieta
867 4240 1000 4317 demum
1014 4237 1157 4341 poſjifflo
1167 4253 1233 4338 per
1255 4228 1538 4309 Transaliionem
1550 4219 1594 4300 ab
1611 4223 1975 4328 Irruperatorepromo?

497 4419 501 4426 ,
683 4354 760 4415 tarn
774 4335 1298 4436 Heldefienstbosfirnetofoir.
1519 4329 1524 4336 ’

493 4469 532 4560 X.
578 4471 682 4552 Huic
702 4471 872 4575 aeljelium
895 4475 993 4549 circa
1018 4470 1256 4573 Religionem,
1282 4464 1322 4539 ele
1341 4489 1406 4567 qua
1421 4462 1603 4564 praecipua
1624 4449 1723 4531 noleis
1746 4455 1791 4548 est
1809 4453 1971 4556 queastio,

685 4569 830 4648 Pallam
851 4571 1033 4670 refirtur,
1056 4567 1148 4677 quod
1163 4565 1352 4643 Receffum
1367 4555 1835 4639 BrunsvicoHildefiensem
1842 4558 1972 4625 reuerita

686 4695 860 4754 vocam
1234 4766 1264 4838 K
1283 4758 1308 4832 k
1335 4785 1353 4832 2
1502 4823 1508 4834 .
1797 4741 1973 4822 x1.8on·
