<?xml version="1.0" encoding="UTF-8"?>
<!DOCTYPE html PUBLIC "-//W3C//DTD XHTML 1.0 Transitional//EN"
    "http://www.w3.org/TR/xhtml1/DTD/xhtml1-transitional.dtd">
<html xmlns="http://www.w3.org/1999/xhtml" xml:lang="en" lang="en">
 <head>
  <title>
</title>
<meta http-equiv="Content-Type" content="text/html;charset=utf-8" />
  <meta name='ocr-system' content='tesseract 3.04.00' />
  <meta name='ocr-capabilities' content='ocr_page ocr_carea ocr_par ocr_line ocrx_word'/>
</head>
<body>
  <div class='ocr_page' id='page_1' title='image "./thesavrvsivrise04schmgoog_0260.png"; bbox 0 0 4950 5567; ppageno 0'>
   <div class='ocr_carea' id='block_1_1' title="bbox 603 465 1939 590">
    <p class='ocr_par' dir='ltr' id='par_1_1' title="bbox 603 465 1939 590">
     <span class='ocr_line' id='line_1_1' title="bbox 603 465 1939 590; baseline -0.011 -28"><span class='ocrx_word' id='word_1_1' title='bbox 603 513 678 590; x_wconf 77' lang='lat'>244</span> <span class='ocrx_word' id='word_1_2' title='bbox 744 477 1082 560; x_wconf 76' lang='lat' dir='ltr'>ntssntt‘rnnto</span> <span class='ocrx_word' id='word_1_3' title='bbox 1107 473 1213 585; x_wconf 83' lang='lat' dir='ltr'><strong>JUR.</strong></span> <span class='ocrx_word' id='word_1_4' title='bbox 1236 469 1395 548; x_wconf 81' lang='lat' dir='ltr'><strong>GERM.</strong></span> <span class='ocrx_word' id='word_1_5' title='bbox 1412 465 1725 548; x_wconf 67' lang='lat' dir='ltr'>ecclesiast.</span> <span class='ocrx_word' id='word_1_6' title='bbox 1742 467 1939 547; x_wconf 83' lang='lat' dir='ltr'>PUBLlCl</span> 
     </span>
    </p>
   </div>
   <div class='ocr_carea' id='block_1_2' title="bbox 605 651 2101 1048">
    <p class='ocr_par' dir='ltr' id='par_1_2' title="bbox 605 651 2101 1048">
     <span class='ocr_line' id='line_1_2' title="bbox 605 651 2101 761; baseline -0.001 -31"><span class='ocrx_word' id='word_1_7' title='bbox 605 657 721 761; x_wconf 80' lang='lat' dir='ltr'>pellit,</span> <span class='ocrx_word' id='word_1_8' title='bbox 744 660 859 732; x_wconf 87' lang='lat' dir='ltr'>eadem</span> <span class='ocrx_word' id='word_1_9' title='bbox 882 652 1026 729; x_wconf 85' lang='lat' dir='ltr'>concelsa</span> <span class='ocrx_word' id='word_1_10' title='bbox 1049 651 1143 728; x_wconf 77' lang='lat' dir='ltr'>finisse</span> <span class='ocrx_word' id='word_1_11' title='bbox 1164 652 1377 744; x_wconf 77' lang='lat' dir='ltr'><strong>intelligatur.</strong></span> <span class='ocrx_word' id='word_1_12' title='bbox 1437 651 1529 722; x_wconf 83' lang='lat' dir='ltr'>Sicut</span> <span class='ocrx_word' id='word_1_13' title='bbox 1551 672 1634 741; x_wconf 89' lang='lat' dir='ltr'>ergo</span> <span class='ocrx_word' id='word_1_14' title='bbox 1651 670 1786 721; x_wconf 78' lang='lat' dir='ltr'>eatenus</span> <span class='ocrx_word' id='word_1_15' title='bbox 1807 671 2039 744; x_wconf 83' lang='lat' dir='ltr'>argumentum</span> <span class='ocrx_word' id='word_1_16' title='bbox 2050 683 2101 758; x_wconf 72' lang='lat' dir='ltr'>l.&#39;</span> 
     </span>
     <span class='ocr_line' id='line_1_3' title="bbox 606 744 2064 854; baseline -0.003 -26"><span class='ocrx_word' id='word_1_17' title='bbox 606 760 736 854; x_wconf 87' lang='lat' dir='ltr'>Majori</span> <span class='ocrx_word' id='word_1_18' title='bbox 753 759 792 826; x_wconf 84' lang='lat' dir='ltr'>ad</span> <span class='ocrx_word' id='word_1_19' title='bbox 807 759 914 825; x_wconf 86' lang='lat' dir='ltr'>minus</span> <span class='ocrx_word' id='word_1_20' title='bbox 932 753 971 825; x_wconf 92' lang='lat' dir='ltr'>ab</span> <span class='ocrx_word' id='word_1_21' title='bbox 984 748 1319 848; x_wconf 80' lang='lat' dir='ltr'>oppignomtionibns</span> <span class='ocrx_word' id='word_1_22' title='bbox 1336 745 1636 817; x_wconf 84' lang='lat' dir='ltr'>immemorialtbua</span> <span class='ocrx_word' id='word_1_23' title='bbox 1652 745 1692 814; x_wconf 93' lang='lat' dir='ltr'>ad</span> <span class='ocrx_word' id='word_1_24' title='bbox 1707 744 1787 815; x_wconf 79' lang='lat' dir='ltr'>eliae</span> <span class='ocrx_word' id='word_1_25' title='bbox 1808 751 2010 821; x_wconf 80' lang='lat' dir='ltr'>recentiores</span> <span class='ocrx_word' id='word_1_26' title='bbox 2024 751 2064 824; x_wconf 89' lang='lat' dir='ltr'>de·</span> 
     </span>
     <span class='ocr_line' id='line_1_4' title="bbox 608 843 2065 947; baseline -0.001 -21"><span class='ocrx_word' id='word_1_27' title='bbox 608 859 763 933; x_wconf 86' lang='lat' dir='ltr'>ducitur,</span> <span class='ocrx_word' id='word_1_28' title='bbox 786 856 830 921; x_wconf 90' lang='lat' dir='ltr'>ita</span> <span class='ocrx_word' id='word_1_29' title='bbox 847 851 936 920; x_wconf 90' lang='lat' dir='ltr'>idem</span> <span class='ocrx_word' id='word_1_30' title='bbox 952 850 1177 947; x_wconf 21' lang='lat' dir='ltr'>etiamlquoad</span> <span class='ocrx_word' id='word_1_31' title='bbox 1196 851 1369 941; x_wconf 80' lang='lat' dir='ltr'>negotium</span> <span class='ocrx_word' id='word_1_32' title='bbox 1386 844 1571 939; x_wconf 81' lang='lat' dir='ltr'>Religionis</span> <span class='ocrx_word' id='word_1_33' title='bbox 1594 843 1685 940; x_wconf 81' lang='lat' dir='ltr'>paris</span> <span class='ocrx_word' id='word_1_34' title='bbox 1707 843 1847 918; x_wconf 88' lang='lat' dir='ltr'>omnino</span> <span class='ocrx_word' id='word_1_35' title='bbox 1867 847 1934 922; x_wconf 86' lang='lat' dir='ltr'>erit</span> <span class='ocrx_word' id='word_1_36' title='bbox 1951 844 2065 924; x_wconf 74' lang='lat' dir='ltr'>robori</span> 
     </span>
     <span class='ocr_line' id='line_1_5' title="bbox 607 945 910 1048; baseline 0.017 -22"><span class='ocrx_word' id='word_1_37' title='bbox 607 973 710 1048; x_wconf 88' lang='lat' dir='ltr'>atque</span> <span class='ocrx_word' id='word_1_38' title='bbox 727 945 910 1030; x_wconf 73' lang='lat' dir='ltr'>firmitatis.</span> 
     </span>
    </p>
   </div>
   <div class='ocr_carea' id='block_1_3' title="bbox 1254 1107 1453 1203">
    <p class='ocr_par' dir='ltr' id='par_1_3' title="bbox 1254 1107 1453 1203">
     <span class='ocr_line' id='line_1_6' title="bbox 1254 1107 1453 1203; baseline -0.005 -18"><span class='ocrx_word' id='word_1_39' title='bbox 1254 1119 1285 1203; x_wconf 78' lang='grc' dir='ltr'>ς.</span> <span class='ocrx_word' id='word_1_40' title='bbox 1334 1107 1453 1186; x_wconf 83' lang='lat' dir='ltr'><strong>XVI.</strong></span> 
     </span>
    </p>
   </div>
   <div class='ocr_carea' id='block_1_4' title="bbox 608 1275 2125 1925">
    <p class='ocr_par' dir='ltr' id='par_1_4' title="bbox 608 1275 2125 1925">
     <span class='ocr_line' id='line_1_7' title="bbox 726 1275 2125 1378; baseline 0 -20"><span class='ocrx_word' id='word_1_41' title='bbox 726 1283 852 1358; x_wconf 82' lang='lat' dir='ltr'>Similia</span> <span class='ocrx_word' id='word_1_42' title='bbox 874 1278 918 1356; x_wconf 89' lang='lat' dir='ltr'>ell</span> <span class='ocrx_word' id='word_1_43' title='bbox 936 1276 1103 1378; x_wconf 86' lang='lat' dir='ltr'>responsio</span> <span class='ocrx_word' id='word_1_44' title='bbox 1124 1276 1164 1351; x_wconf 88' lang='lat' dir='ltr'>ad</span> <span class='ocrx_word' id='word_1_45' title='bbox 1185 1282 1408 1372; x_wconf 79' lang='lat' dir='ltr'>Argumentum</span> <span class='ocrx_word' id='word_1_46' title='bbox 1432 1279 1613 1368; x_wconf 76' lang='lat' dir='ltr'>secundm,</span> <span class='ocrx_word' id='word_1_47' title='bbox 1639 1299 1709 1373; x_wconf 91' lang='lat' dir='ltr'>quo</span> <span class='ocrx_word' id='word_1_48' title='bbox 1732 1275 1911 1354; x_wconf 86' lang='lat' dir='ltr'>discrimen</span> <span class='ocrx_word' id='word_1_49' title='bbox 1932 1281 2068 1358; x_wconf 81' lang='lat' dir='ltr'>illudtd</span> <span class='ocrx_word' id='word_1_50' title='bbox 2123 1297 2125 1320; x_wconf 77' lang='lat'><em>³</em></span> 
     </span>
     <span class='ocr_line' id='line_1_8' title="bbox 610 1369 2125 1476; baseline -0.007 -22"><span class='ocrx_word' id='word_1_51' title='bbox 610 1377 764 1458; x_wconf 86' lang='lat' dir='ltr'>nauseam</span> <span class='ocrx_word' id='word_1_52' title='bbox 780 1379 883 1476; x_wconf 87' lang='lat' dir='ltr'>usqne</span> <span class='ocrx_word' id='word_1_53' title='bbox 894 1379 1077 1471; x_wconf 63' lang='lat' dir='ltr'>‘paelicatum</span> <span class='ocrx_word' id='word_1_54' title='bbox 1094 1381 1180 1447; x_wconf 86' lang='lat' dir='ltr'>inter</span> <span class='ocrx_word' id='word_1_55' title='bbox 1198 1378 1394 1447; x_wconf 85' lang='lat' dir='ltr'>reluitiunet</span> <span class='ocrx_word' id='word_1_56' title='bbox 1409 1376 1548 1446; x_wconf 88' lang='lat' dir='ltr'>durante</span> <span class='ocrx_word' id='word_1_57' title='bbox 1574 1373 1662 1446; x_wconf 91' lang='lat' dir='ltr'>bello</span> <span class='ocrx_word' id='word_1_58' title='bbox 1683 1369 1785 1446; x_wconf 78' lang='lat' dir='ltr'>faslas</span> <span class='ocrx_word' id='word_1_59' title='bbox 1803 1377 1835 1449; x_wconf 83' lang='lat' dir='ltr'>dt</span> <span class='ocrx_word' id='word_1_60' title='bbox 1852 1379 1934 1450; x_wconf 84' lang='lat' dir='ltr'>aliar</span> <span class='ocrx_word' id='word_1_61' title='bbox 1950 1379 2067 1476; x_wconf 79' lang='lat' dir='ltr'>polliae</span> <span class='ocrx_word' id='word_1_62' title='bbox 2122 1399 2125 1444; x_wconf 83' lang='lat'>;</span> 
     </span>
     <span class='ocr_line' id='line_1_9' title="bbox 609 1468 2125 1570; baseline -0.001 -16"><span class='ocrx_word' id='word_1_63' title='bbox 609 1481 715 1554; x_wconf 86' lang='lat' dir='ltr'>modo</span> <span class='ocrx_word' id='word_1_64' title='bbox 741 1473 869 1550; x_wconf 79' lang='lat' dir='ltr'>futurae</span> <span class='ocrx_word' id='word_1_65' title='bbox 892 1499 1005 1547; x_wconf 79' lang='lat' dir='ltr'>contra</span> <span class='ocrx_word' id='word_1_66' title='bbox 1029 1495 1176 1570; x_wconf 85' lang='lat' dir='ltr'>apertam</span> <span class='ocrx_word' id='word_1_67' title='bbox 1200 1468 1406 1544; x_wconf 87' lang='lat' dir='ltr'>summorum</span> <span class='ocrx_word' id='word_1_68' title='bbox 1426 1469 1659 1542; x_wconf 87' lang='lat' dir='ltr'>Paciscentinm</span> <span class='ocrx_word' id='word_1_69' title='bbox 1680 1495 1827 1544; x_wconf 90' lang='lat' dir='ltr'>mentem</span> <span class='ocrx_word' id='word_1_70' title='bbox 1850 1474 1892 1545; x_wconf 86' lang='lat' dir='ltr'>ad</span> <span class='ocrx_word' id='word_1_71' title='bbox 1912 1481 2068 1569; x_wconf 75' lang='lat' dir='ltr'>negotium</span> <span class='ocrx_word' id='word_1_72' title='bbox 2123 1487 2125 1510; x_wconf 82' lang='lat'>³</span> 
     </span>
     <span class='ocr_line' id='line_1_10' title="bbox 609 1563 2068 1742; baseline 0.001 -1"><span class='ocrx_word' id='word_1_73' title='bbox 609 1599 745 1740; x_wconf 66' lang='lat' dir='ltr'>‘¹¹¹⁰‘lii</span> <span class='ocrx_word' id='word_1_74' title='bbox 764 1563 1844 1738; x_wconf 52' lang='lat' dir='ltr'>¹³²¹³⁸l¹l3l²2l‘ll&#39;liiii?{laemllllillllllilllli</span> <span class='ocrx_word' id='word_1_75' title='bbox 1861 1571 2068 1742; x_wconf 61' lang='lat' dir='ltr'>‘iiiiii</span> 
     </span>
     <span class='ocr_line' id='line_1_11' title="bbox 608 1672 2069 1925; baseline -0.001 -86"><span class='ocrx_word' id='word_1_76' title='bbox 608 1672 869 1840; x_wconf 50' lang='lat' dir='ltr'>{lillstealttibmuti</span> <span class='ocrx_word' id='word_1_77' title='bbox 885 1692 1035 1859; x_wconf 71' lang='lat' dir='ltr'>eiceptai</span> <span class='ocrx_word' id='word_1_78' title='bbox 1059 1757 1151 1830; x_wconf 78' lang='lat' dir='ltr'>luill&#39;e</span> <span class='ocrx_word' id='word_1_79' title='bbox 1166 1787 1204 1830; x_wconf 90' lang='lat' dir='ltr'>ex</span> <span class='ocrx_word' id='word_1_80' title='bbox 1222 1763 1340 1832; x_wconf 91' lang='lat' dir='ltr'>eodem</span> <span class='ocrx_word' id='word_1_81' title='bbox 1364 1691 1628 1925; x_wconf 75' lang='lat' dir='ltr'>discutiitplitpra</span> <span class='ocrx_word' id='word_1_82' title='bbox 1650 1690 1791 1853; x_wconf 58' lang='lat' dir='ltr'>allegjato</span> <span class='ocrx_word' id='word_1_83' title='bbox 1810 1717 1936 1836; x_wconf 76' lang='lat' dir='ltr'>ttlnstat</span> <span class='ocrx_word' id='word_1_84' title='bbox 1948 1769 2004 1858; x_wconf 80' lang='lat' dir='ltr'>a),</span> <span class='ocrx_word' id='word_1_85' title='bbox 2016 1695 2069 1838; x_wconf 82' lang='lat' dir='ltr'>Psel</span> 
     </span>
    </p>
   </div>
   <div class='ocr_carea' id='block_1_5' title="bbox 610 1854 2125 3106">
    <p class='ocr_par' dir='ltr' id='par_1_5' title="bbox 610 1854 2125 3106">
     <span class='ocr_line' id='line_1_12' title="bbox 610 1854 2072 1956; baseline -0.001 -20"><span class='ocrx_word' id='word_1_86' title='bbox 610 1886 720 1936; x_wconf 91' lang='lat' dir='ltr'>tntum</span> <span class='ocrx_word' id='word_1_87' title='bbox 739 1883 899 1956; x_wconf 91' lang='lat' dir='ltr'>quantum</span> <span class='ocrx_word' id='word_1_88' title='bbox 919 1859 1001 1929; x_wconf 91' lang='lat' dir='ltr'>illud</span> <span class='ocrx_word' id='word_1_89' title='bbox 1023 1854 1084 1938; x_wconf 87' lang='lat' dir='ltr'>eil,</span> <span class='ocrx_word' id='word_1_90' title='bbox 1111 1857 1151 1925; x_wconf 91' lang='lat' dir='ltr'>ad</span> <span class='ocrx_word' id='word_1_91' title='bbox 1174 1861 1372 1953; x_wconf 85' lang='lat' dir='ltr'>imperatam</span> <span class='ocrx_word' id='word_1_92' title='bbox 1392 1854 1555 1928; x_wconf 87' lang='lat' dir='ltr'>solummo</span> <span class='ocrx_word' id='word_1_93' title='bbox 1579 1879 1601 1927; x_wconf 92' lang='lat' dir='ltr'>o</span> <span class='ocrx_word' id='word_1_94' title='bbox 1622 1879 1787 1929; x_wconf 85' lang='lat' dir='ltr'>terrerum</span> <span class='ocrx_word' id='word_1_95' title='bbox 1807 1859 1973 1954; x_wconf 87' lang='lat' dir='ltr'>ejusmodi</span> <span class='ocrx_word' id='word_1_96' title='bbox 1993 1859 2072 1934; x_wconf 86' lang='lat' dir='ltr'>resti·</span> 
     </span>
     <span class='ocr_line' id='line_1_13' title="bbox 610 1950 2069 2049; baseline 0 -19"><span class='ocrx_word' id='word_1_97' title='bbox 610 1961 775 2031; x_wconf 88' lang='lat' dir='ltr'>ttttionem</span> <span class='ocrx_word' id='word_1_98' title='bbox 788 1951 1049 2027; x_wconf 86' lang='lat' dir='ltr'>interimillicam</span> <span class='ocrx_word' id='word_1_99' title='bbox 1062 1959 1226 2047; x_wconf 86' lang='lat' dir='ltr'>pertinet,</span> <span class='ocrx_word' id='word_1_100' title='bbox 1253 1977 1326 2049; x_wconf 83' lang='lat' dir='ltr'>quae</span> <span class='ocrx_word' id='word_1_101' title='bbox 1349 1953 1459 2048; x_wconf 89' lang='lat' dir='ltr'>quoad</span> <span class='ocrx_word' id='word_1_102' title='bbox 1476 1950 1609 2047; x_wconf 83' lang='lat' dir='ltr'>posthac</span> <span class='ocrx_word' id='word_1_103' title='bbox 1623 1952 1797 2024; x_wconf 82' lang='lat' dir='ltr'>reluendaa</span> <span class='ocrx_word' id='word_1_104' title='bbox 1813 1957 1917 2048; x_wconf 90' lang='lat' dir='ltr'>(nam</span> <span class='ocrx_word' id='word_1_105' title='bbox 1934 1959 1968 2028; x_wconf 91' lang='lat' dir='ltr'>in</span> <span class='ocrx_word' id='word_1_106' title='bbox 1981 1959 2069 2031; x_wconf 85' lang='lat' dir='ltr'>mani·</span> 
     </span>
     <span class='ocr_line' id='line_1_14' title="bbox 610 2045 2125 2149; baseline 0.002 -24"><span class='ocrx_word' id='word_1_107' title='bbox 610 2054 674 2126; x_wconf 89' lang='lat' dir='ltr'>bus</span> <span class='ocrx_word' id='word_1_108' title='bbox 688 2057 841 2149; x_wconf 86' lang='lat' dir='ltr'>priorum</span> <span class='ocrx_word' id='word_1_109' title='bbox 855 2045 1069 2146; x_wconf 80' lang='lat' dir='ltr'>possessorum</span> <span class='ocrx_word' id='word_1_110' title='bbox 1083 2051 1265 2118; x_wconf 80' lang='lat' dir='ltr'>etiamnum</span> <span class='ocrx_word' id='word_1_111' title='bbox 1280 2047 1470 2140; x_wconf 84' lang='lat' dir='ltr'>restabant)</span> <span class='ocrx_word' id='word_1_112' title='bbox 1488 2072 1550 2142; x_wconf 89' lang='lat' dir='ltr'>per</span> <span class='ocrx_word' id='word_1_113' title='bbox 1563 2072 1676 2118; x_wconf 88' lang='lat' dir='ltr'>rerum</span> <span class='ocrx_word' id='word_1_114' title='bbox 1689 2073 1841 2123; x_wconf 88' lang='lat' dir='ltr'>naturam</span> <span class='ocrx_word' id='word_1_115' title='bbox 1861 2051 1973 2126; x_wconf 89' lang='lat' dir='ltr'>locum</span> <span class='ocrx_word' id='word_1_116' title='bbox 1985 2053 2069 2128; x_wconf 80' lang='lat' dir='ltr'>hale·</span> <span class='ocrx_word' id='word_1_117' title='bbox 2123 2097 2125 2106; x_wconf 87' lang='grc'><strong><em>·</em></strong></span> 
     </span>
     <span class='ocr_line' id='line_1_15' title="bbox 611 2141 2125 2335; baseline 0.002 -16"><span class='ocrx_word' id='word_1_118' title='bbox 611 2141 2070 2335; x_wconf 52' lang='lat' dir='ltr'>militiai,,ssslsllilliils‘&amp;illllildlt‘llllllillitill</span> <span class='ocrx_word' id='word_1_119' title='bbox 2121 2157 2125 2200; x_wconf 70' lang='lat'><em>⁷</em></span> 
     </span>
     <span class='ocr_line' id='line_1_16' title="bbox 612 2334 2125 2439; baseline 0 -25"><span class='ocrx_word' id='word_1_120' title='bbox 612 2341 737 2436; x_wconf 83' lang='lat' dir='ltr'>abaqne</span> <span class='ocrx_word' id='word_1_121' title='bbox 751 2334 852 2410; x_wconf 78' lang='lat' dir='ltr'>causae</span> <span class='ocrx_word' id='word_1_122' title='bbox 871 2339 1061 2429; x_wconf 87' lang='lat' dir='ltr'>cognitione</span> <span class='ocrx_word' id='word_1_123' title='bbox 1075 2335 1128 2407; x_wconf 89' lang='lat' dir='ltr'>vel</span> <span class='ocrx_word' id='word_1_124' title='bbox 1143 2336 1268 2433; x_wconf 87' lang='lat' dir='ltr'>absque</span> <span class='ocrx_word' id='word_1_125' title='bbox 1281 2336 1376 2410; x_wconf 87' lang='lat' dir='ltr'>sortis</span> <span class='ocrx_word' id='word_1_126' title='bbox 1394 2339 1642 2420; x_wconf 81' lang='lat' dir='ltr'>numeratione,</span> <span class='ocrx_word' id='word_1_127' title='bbox 1666 2362 1781 2411; x_wconf 88' lang='lat' dir='ltr'>contra</span> <span class='ocrx_word' id='word_1_128' title='bbox 1802 2343 1953 2439; x_wconf 87' lang='lat' dir='ltr'>iniquam</span> <span class='ocrx_word' id='word_1_129' title='bbox 1968 2343 2067 2417; x_wconf 81' lang='lat' dir='ltr'>tideli·</span> <span class='ocrx_word' id='word_1_130' title='bbox 2123 2429 2125 2434; x_wconf 21' lang='lat'>¹</span> 
     </span>
     <span class='ocr_line' id='line_1_17' title="bbox 611 2429 2125 2532; baseline 0.003 -23"><span class='ocrx_word' id='word_1_131' title='bbox 611 2459 665 2512; x_wconf 88' lang='lat' dir='ltr'>eet</span> <span class='ocrx_word' id='word_1_132' title='bbox 679 2429 878 2531; x_wconf 80' lang='lat' dir='ltr'>polleffionis</span> <span class='ocrx_word' id='word_1_133' title='bbox 897 2431 1141 2514; x_wconf 77' lang='lat' dir='ltr'>turbationem,</span> <span class='ocrx_word' id='word_1_134' title='bbox 1166 2432 1199 2503; x_wconf 84' lang='lat' dir='ltr'>dt</span> <span class='ocrx_word' id='word_1_135' title='bbox 1221 2432 1309 2528; x_wconf 80' lang='lat' dir='ltr'>quafi</span> <span class='ocrx_word' id='word_1_136' title='bbox 1326 2433 1556 2527; x_wconf 72' lang='lat' dir='ltr'>spoliationem</span> <span class='ocrx_word' id='word_1_137' title='bbox 1580 2437 1711 2529; x_wconf 81' lang='lat' dir='ltr'>privato</span> <span class='ocrx_word' id='word_1_138' title='bbox 1731 2441 1846 2511; x_wconf 88' lang='lat' dir='ltr'>Marte</span> <span class='ocrx_word' id='word_1_139' title='bbox 1869 2463 1907 2512; x_wconf 83' lang='lat' dir='ltr'>ec</span> <span class='ocrx_word' id='word_1_140' title='bbox 1922 2441 2066 2515; x_wconf 79' lang='lat' dir='ltr'>violenter</span> <span class='ocrx_word' id='word_1_141' title='bbox 2120 2527 2125 2532; x_wconf 27' lang='lat'>¹</span> 
     </span>
     <span class='ocr_line' id='line_1_18' title="bbox 612 2523 2125 2630; baseline 0.001 -24"><span class='ocrx_word' id='word_1_142' title='bbox 612 2556 670 2606; x_wconf 84' lang='lat' dir='ltr'>ant</span> <span class='ocrx_word' id='word_1_143' title='bbox 681 2535 714 2604; x_wconf 88' lang='lat' dir='ltr'>vi</span> <span class='ocrx_word' id='word_1_144' title='bbox 728 2533 828 2604; x_wconf 89' lang='lat' dir='ltr'>etiam</span> <span class='ocrx_word' id='word_1_145' title='bbox 843 2551 970 2601; x_wconf 85' lang='lat' dir='ltr'>armata</span> <span class='ocrx_word' id='word_1_146' title='bbox 986 2523 1109 2599; x_wconf 69' lang='lat' dir='ltr'>saidam</span> <span class='ocrx_word' id='word_1_147' title='bbox 1123 2549 1198 2598; x_wconf 87' lang='lat' dir='ltr'>ante</span> <span class='ocrx_word' id='word_1_148' title='bbox 1212 2531 1325 2598; x_wconf 90' lang='lat' dir='ltr'>omnia</span> <span class='ocrx_word' id='word_1_149' title='bbox 1343 2525 1506 2598; x_wconf 88' lang='lat' dir='ltr'>resliturio</span> <span class='ocrx_word' id='word_1_150' title='bbox 1523 2527 1668 2618; x_wconf 70' lang='lat' dir='ltr'>injuntla</span> <span class='ocrx_word' id='word_1_151' title='bbox 1687 2527 1765 2603; x_wconf 91' lang='lat' dir='ltr'>suit.</span> <span class='ocrx_word' id='word_1_152' title='bbox 1817 2539 1902 2630; x_wconf 79' lang='lat' dir='ltr'>Qtae</span> <span class='ocrx_word' id='word_1_153' title='bbox 1914 2561 1992 2610; x_wconf 83' lang='lat' dir='ltr'>vero</span> <span class='ocrx_word' id='word_1_154' title='bbox 2006 2563 2066 2608; x_wconf 89' lang='lat' dir='ltr'>ron·</span> <span class='ocrx_word' id='word_1_155' title='bbox 2121 2585 2125 2590; x_wconf 93' lang='lat'>-</span> 
     </span>
     <span class='ocr_line' id='line_1_19' title="bbox 611 2621 2064 2724; baseline 0.003 -25"><span class='ocrx_word' id='word_1_156' title='bbox 611 2625 754 2724; x_wconf 72' lang='lat' dir='ltr'>junilim</span> <span class='ocrx_word' id='word_1_157' title='bbox 769 2649 845 2696; x_wconf 90' lang='lat' dir='ltr'>cnm</span> <span class='ocrx_word' id='word_1_158' title='bbox 860 2621 961 2694; x_wconf 84' lang='lat' dir='ltr'>caulae</span> <span class='ocrx_word' id='word_1_159' title='bbox 980 2624 1168 2713; x_wconf 90' lang='lat' dir='ltr'>cognitione</span> <span class='ocrx_word' id='word_1_160' title='bbox 1184 2622 1217 2693; x_wconf 82' lang='lat' dir='ltr'>dt</span> <span class='ocrx_word' id='word_1_161' title='bbox 1258 2627 1356 2693; x_wconf 75' lang='lat' dir='ltr'>revit</span> <span class='ocrx_word' id='word_1_162' title='bbox 1371 2621 1467 2695; x_wconf 81' lang='lat' dir='ltr'>sortia</span> <span class='ocrx_word' id='word_1_163' title='bbox 1485 2630 1713 2698; x_wconf 81' lang='lat' dir='ltr'>numeratione</span> <span class='ocrx_word' id='word_1_164' title='bbox 1729 2629 1869 2705; x_wconf 79' lang='lat' dir='ltr'>durante</span> <span class='ocrx_word' id='word_1_165' title='bbox 1883 2631 1972 2705; x_wconf 91' lang='lat' dir='ltr'>bello</span> <span class='ocrx_word' id='word_1_166' title='bbox 1986 2631 2064 2706; x_wconf 76' lang='lat' dir='ltr'>falle</span> 
     </span>
     <span class='ocr_line' id='line_1_20' title="bbox 612 2647 2067 2826; baseline 0.003 -31"><span class='ocrx_word' id='word_1_167' title='bbox 612 2723 706 2804; x_wconf 81' lang='lat' dir='ltr'>sunt,</span> <span class='ocrx_word' id='word_1_168' title='bbox 730 2746 776 2793; x_wconf 78' lang='lat' dir='ltr'>eae</span> <span class='ocrx_word' id='word_1_169' title='bbox 791 2718 952 2790; x_wconf 87' lang='lat' dir='ltr'>adeonon</span> <span class='ocrx_word' id='word_1_170' title='bbox 966 2713 1039 2786; x_wconf 87' lang='lat' dir='ltr'>sunt</span> <span class='ocrx_word' id='word_1_171' title='bbox 1052 2715 1175 2818; x_wconf 77' lang='lat' dir='ltr'>relillae</span> <span class='ocrx_word' id='word_1_172' title='bbox 1196 2647 1256 2789; x_wconf 77' lang='lat' dir='ltr'>sul</span> <span class='ocrx_word' id='word_1_173' title='bbox 1269 2718 1384 2811; x_wconf 89' lang='lat' dir='ltr'>regula</span> <span class='ocrx_word' id='word_1_174' title='bbox 1405 2720 1551 2811; x_wconf 88' lang='lat' dir='ltr'>generali</span> <span class='ocrx_word' id='word_1_175' title='bbox 1576 2721 1812 2812; x_wconf 79' lang='lat' dir='ltr'>restitutionis,</span> <span class='ocrx_word' id='word_1_176' title='bbox 1842 2752 1880 2801; x_wconf 90' lang='lat' dir='ltr'>nt</span> <span class='ocrx_word' id='word_1_177' title='bbox 1901 2733 2011 2826; x_wconf 86' lang='lat' dir='ltr'>potina</span> <span class='ocrx_word' id='word_1_178' title='bbox 2030 2730 2067 2801; x_wconf 92' lang='lat' dir='ltr'>di·</span> 
     </span>
     <span class='ocr_line' id='line_1_21' title="bbox 611 2810 2067 2914; baseline 0.008 -27"><span class='ocrx_word' id='word_1_179' title='bbox 611 2819 699 2891; x_wconf 85' lang='lat' dir='ltr'>serre</span> <span class='ocrx_word' id='word_1_180' title='bbox 713 2839 789 2888; x_wconf 87' lang='lat' dir='ltr'>erce</span> <span class='ocrx_word' id='word_1_181' title='bbox 816 2834 857 2884; x_wconf 86' lang='lat' dir='ltr'>tte</span> <span class='ocrx_word' id='word_1_182' title='bbox 871 2810 1114 2903; x_wconf 88' lang='lat' dir='ltr'>intelligantur,</span> <span class='ocrx_word' id='word_1_183' title='bbox 1141 2837 1241 2907; x_wconf 87' lang='lat' dir='ltr'>quam</span> <span class='ocrx_word' id='word_1_184' title='bbox 1258 2817 1292 2885; x_wconf 94' lang='lat' dir='ltr'>in</span> <span class='ocrx_word' id='word_1_185' title='bbox 1313 2839 1385 2887; x_wconf 91' lang='lat' dir='ltr'>rem</span> <span class='ocrx_word' id='word_1_186' title='bbox 1402 2838 1515 2913; x_wconf 88' lang='lat' dir='ltr'>aperte</span> <span class='ocrx_word' id='word_1_187' title='bbox 1537 2815 1673 2914; x_wconf 89' lang='lat' dir='ltr'>prorsus</span> <span class='ocrx_word' id='word_1_188' title='bbox 1697 2820 1956 2898; x_wconf 86' lang='lat' dir='ltr'>consentientem</span> <span class='ocrx_word' id='word_1_189' title='bbox 1976 2825 2067 2900; x_wconf 83' lang='lat' dir='ltr'>haben</span> 
     </span>
     <span class='ocr_line' id='line_1_22' title="bbox 612 2839 2069 3018; baseline 0.009 -35"><span class='ocrx_word' id='word_1_190' title='bbox 612 2915 779 3010; x_wconf 82' lang='lat' dir='ltr'>privatam</span> <span class='ocrx_word' id='word_1_191' title='bbox 791 2839 907 2979; x_wconf 75' lang='lat' dir='ltr'>saltem</span> <span class='ocrx_word' id='word_1_192' title='bbox 924 2909 961 2975; x_wconf 95' lang='lat' dir='ltr'><em>H</em></span> <span class='ocrx_word' id='word_1_193' title='bbox 972 2928 1024 2978; x_wconf 75' lang='lat' dir='ltr'>art</span> <span class='ocrx_word' id='word_1_194' title='bbox 1035 2926 1082 2979; x_wconf 69' lang='lat' dir='ltr'>tat</span> <span class='ocrx_word' id='word_1_195' title='bbox 1095 2928 1117 2977; x_wconf 77' lang='lat' dir='ltr'>tt</span> <span class='ocrx_word' id='word_1_196' title='bbox 1128 2927 1174 2980; x_wconf 81' lang='lat' dir='ltr'>ns</span> <span class='ocrx_word' id='word_1_197' title='bbox 1186 2930 1219 2981; x_wconf 79' lang='grc' dir='ltr'>ιι</span> <span class='ocrx_word' id='word_1_198' title='bbox 1234 2913 1276 3004; x_wconf 79' lang='lat' dir='ltr'>l)</span> <span class='ocrx_word' id='word_1_199' title='bbox 1292 2914 1485 3007; x_wconf 88' lang='lat' dir='ltr'>opinionem</span> <span class='ocrx_word' id='word_1_200' title='bbox 1501 2937 1539 2983; x_wconf 85' lang='lat' dir='ltr'>cr</span> <span class='ocrx_word' id='word_1_201' title='bbox 1554 2912 1689 2986; x_wconf 88' lang='lat' dir='ltr'>adverso</span> <span class='ocrx_word' id='word_1_202' title='bbox 1704 2941 1882 3016; x_wconf 86' lang='lat' dir='ltr'>perperam</span> <span class='ocrx_word' id='word_1_203' title='bbox 1899 2923 2069 3018; x_wconf 77' lang='lat' dir='ltr'>allegarem,</span> 
     </span>
     <span class='ocr_line' id='line_1_23' title="bbox 615 3000 1997 3106; baseline 0.001 -26"><span class='ocrx_word' id='word_1_204' title='bbox 615 3031 716 3103; x_wconf 86' lang='lat' dir='ltr'>quam</span> <span class='ocrx_word' id='word_1_205' title='bbox 730 3000 868 3103; x_wconf 73' lang='lat' dir='ltr'>prorsus</span> <span class='ocrx_word' id='word_1_206' title='bbox 883 3027 992 3080; x_wconf 89' lang='lat' dir='ltr'>meam</span> <span class='ocrx_word' id='word_1_207' title='bbox 1006 3003 1149 3101; x_wconf 86' lang='lat' dir='ltr'>proinde</span> <span class='ocrx_word' id='word_1_208' title='bbox 1164 3001 1271 3094; x_wconf 78' lang='lat' dir='ltr'>satio,</span> <span class='ocrx_word' id='word_1_209' title='bbox 1294 3009 1447 3106; x_wconf 89' lang='lat' dir='ltr'>mihique</span> <span class='ocrx_word' id='word_1_210' title='bbox 1461 3008 1535 3104; x_wconf 86' lang='lat' dir='ltr'>jure</span> <span class='ocrx_word' id='word_1_211' title='bbox 1551 3013 1681 3106; x_wconf 88' lang='lat' dir='ltr'>optimo</span> <span class='ocrx_word' id='word_1_212' title='bbox 1696 3016 1863 3093; x_wconf 69' lang='lat' dir='ltr'>vindicare</span> <span class='ocrx_word' id='word_1_213' title='bbox 1879 3021 1997 3094; x_wconf 71' lang='lat' dir='ltr'>audeo,</span> 
     </span>
    </p>
   </div>
   <div class='ocr_carea' id='block_1_6' title="bbox 654 3215 2072 3457">
    <p class='ocr_par' dir='ltr' id='par_1_6' title="bbox 654 3215 2072 3457">
     <span class='ocr_line' id='line_1_24' title="bbox 1925 3215 2072 3306; baseline 0.034 -20"><span class='ocrx_word' id='word_1_214' title='bbox 1925 3216 1956 3306; x_wconf 70' lang='lat' dir='ltr'>l.</span> <span class='ocrx_word' id='word_1_215' title='bbox 1971 3215 2072 3292; x_wconf 84' lang='lat' dir='ltr'>xvtl.</span> 
     </span>
     <span class='ocr_line' id='line_1_25' title="bbox 654 3358 1540 3457; baseline 0.012 -30"><span class='ocrx_word' id='word_1_216' title='bbox 654 3360 695 3445; x_wconf 77' lang='lat' dir='ltr'>a)</span> <span class='ocrx_word' id='word_1_217' title='bbox 716 3358 789 3432; x_wconf 88' lang='lat' dir='ltr'>Vid.</span> <span class='ocrx_word' id='word_1_218' title='bbox 804 3359 886 3446; x_wconf 85' lang='lat' dir='ltr'>apud</span> <span class='ocrx_word' id='word_1_219' title='bbox 898 3360 931 3428; x_wconf 88' lang='lat' dir='ltr'><strong>M</strong></span> <span class='ocrx_word' id='word_1_220' title='bbox 937 3380 1079 3432; x_wconf 75' lang='lat' dir='ltr'>annau</span> <span class='ocrx_word' id='word_1_221' title='bbox 1095 3365 1158 3434; x_wconf 87' lang='lat' dir='ltr'>loc.</span> <span class='ocrx_word' id='word_1_222' title='bbox 1171 3363 1260 3455; x_wconf 83' lang='lat' dir='ltr'>snpra</span> <span class='ocrx_word' id='word_1_223' title='bbox 1272 3369 1326 3438; x_wconf 86' lang='lat' dir='ltr'>cit.</span> <span class='ocrx_word' id='word_1_224' title='bbox 1338 3367 1396 3438; x_wconf 83' lang='lat' dir='ltr'>sol.</span> <span class='ocrx_word' id='word_1_225' title='bbox 1407 3371 1458 3457; x_wconf 78' lang='lat'>56.</span> <span class='ocrx_word' id='word_1_226' title='bbox 1469 3371 1540 3442; x_wconf 82' lang='lat' dir='ltr'>ubit</span> 
     </span>
    </p>
   </div>
   <div class='ocr_carea' id='block_1_7' title="bbox 725 3479 2082 3730">
    <p class='ocr_par' dir='ltr' id='par_1_7' title="bbox 725 3479 2082 3730">
     <span class='ocr_line' id='line_1_26' title="bbox 784 3479 2079 3578; baseline 0.022 -36"><span class='ocrx_word' id='word_1_227' title='bbox 784 3479 1086 3575; x_wconf 66' lang='lat' dir='ltr'>Lnnnnnnncx</span> <span class='ocrx_word' id='word_1_228' title='bbox 1105 3487 1236 3567; x_wconf 87' lang='lat' dir='ltr'>objicit:</span> <span class='ocrx_word' id='word_1_229' title='bbox 1270 3490 1334 3560; x_wconf 66' lang='lat' dir='ltr'>ibit</span> <span class='ocrx_word' id='word_1_230' title='bbox 1356 3492 1554 3558; x_wconf 84' lang='lat' dir='ltr'>Relnitlonea</span> <span class='ocrx_word' id='word_1_231' title='bbox 1574 3493 1691 3564; x_wconf 72' lang='lat' dir='ltr'>wlcan</span> <span class='ocrx_word' id='word_1_232' title='bbox 1713 3491 1946 3578; x_wconf 65' lang='lat' dir='ltr'>mtlytmtbtile</span> <span class='ocrx_word' id='word_1_233' title='bbox 1968 3500 2079 3569; x_wconf 72' lang='lat' dir='ltr'>intrita</span> 
     </span>
     <span class='ocr_line' id='line_1_27' title="bbox 725 3558 2080 3664; baseline 0.02 -41"><span class='ocrx_word' id='word_1_234' title='bbox 725 3558 1097 3656; x_wconf 70' lang='lat' dir='ltr'>Religionirgct&#39;dytbctt,</span> <span class='ocrx_word' id='word_1_235' title='bbox 1119 3574 1207 3634; x_wconf 76' lang='lat' dir='ltr'>notuit</span> <span class='ocrx_word' id='word_1_236' title='bbox 1225 3587 1289 3636; x_wconf 85' lang='lat' dir='ltr'>ntnn</span> <span class='ocrx_word' id='word_1_237' title='bbox 1305 3572 1375 3646; x_wconf 76' lang='lat' dir='ltr'>nella</span> <span class='ocrx_word' id='word_1_238' title='bbox 1389 3575 1471 3654; x_wconf 79' lang='lat' dir='ltr'>bellu</span> <span class='ocrx_word' id='word_1_239' title='bbox 1490 3575 1668 3642; x_wconf 78' lang='lat' dir='ltr'>reformirrn</span> <span class='ocrx_word' id='word_1_240' title='bbox 1684 3568 1800 3648; x_wconf 75' lang='lat' dir='ltr'>fiuntc,</span> <span class='ocrx_word' id='word_1_241' title='bbox 1821 3587 1876 3646; x_wconf 80' lang='lat' dir='ltr'>auo</span> <span class='ocrx_word' id='word_1_242' title='bbox 1893 3593 2027 3649; x_wconf 83' lang='lat' dir='ltr'>ertennr</span> <span class='ocrx_word' id='word_1_243' title='bbox 2039 3602 2080 3664; x_wconf 73' lang='lat' dir='ltr'>go</span> 
     </span>
     <span class='ocr_line' id='line_1_28' title="bbox 725 3631 2082 3730; baseline 0.016 -23"><span class='ocrx_word' id='word_1_244' title='bbox 725 3631 825 3717; x_wconf 68' lang='lat' dir='ltr'>biritu</span> <span class='ocrx_word' id='word_1_245' title='bbox 847 3639 880 3715; x_wconf 75' lang='lat' dir='ltr'>fit</span> <span class='ocrx_word' id='word_1_246' title='bbox 896 3660 923 3718; x_wconf 76' lang='lat' dir='ltr'>ta</span> <span class='ocrx_word' id='word_1_247' title='bbox 941 3647 977 3704; x_wconf 81' lang='lat' dir='ltr'>ad</span> <span class='ocrx_word' id='word_1_248' title='bbox 994 3649 1176 3724; x_wconf 83' lang='lat' dir='ltr'>gravamina</span> <span class='ocrx_word' id='word_1_249' title='bbox 1197 3647 1416 3717; x_wconf 77' lang='lat' dir='ltr'>Ecclesiastico.</span> <span class='ocrx_word' id='word_1_250' title='bbox 1459 3655 1517 3718; x_wconf 88' lang='lat' dir='ltr'>Cui</span> <span class='ocrx_word' id='word_1_251' title='bbox 1531 3655 1646 3719; x_wconf 87' lang='lat' dir='ltr'>Comes</span> <span class='ocrx_word' id='word_1_252' title='bbox 1666 3651 2082 3730; x_wconf 66' lang='lat' dir='ltr'>Triumuiratum·</span> 
     </span>
    </p>
   </div>
   <div class='ocr_carea' id='block_1_8' title="bbox 723 3725 2083 3889">
    <p class='ocr_par' dir='ltr' id='par_1_8' title="bbox 723 3725 2083 3889">
     <span class='ocr_line' id='line_1_29' title="bbox 724 3725 2083 3830; baseline 0.026 -48"><span class='ocrx_word' id='word_1_253' title='bbox 724 3739 801 3815; x_wconf 68' lang='lat' dir='ltr'>eru</span> <span class='ocrx_word' id='word_1_254' title='bbox 813 3741 828 3781; x_wconf 87' lang='lat' dir='ltr'>a</span> <span class='ocrx_word' id='word_1_255' title='bbox 839 3725 983 3803; x_wconf 85' lang='lat' dir='ltr'>requirit:</span> <span class='ocrx_word' id='word_1_256' title='bbox 1008 3729 1131 3822; x_wconf 69' lang='lat' dir='ltr'>*illarum</span> <span class='ocrx_word' id='word_1_257' title='bbox 1147 3731 1243 3796; x_wconf 81' lang='lat' dir='ltr'>nanu?</span> <span class='ocrx_word' id='word_1_258' title='bbox 1265 3743 1369 3797; x_wconf 89' lang='lat' dir='ltr'>uterer</span> <span class='ocrx_word' id='word_1_259' title='bbox 1380 3755 1453 3799; x_wconf 85' lang='lat' dir='ltr'>rnao</span> <span class='ocrx_word' id='word_1_260' title='bbox 1467 3736 1536 3816; x_wconf 78' lang='lat' dir='ltr'>jure</span> <span class='ocrx_word' id='word_1_261' title='bbox 1549 3737 1611 3800; x_wconf 77' lang='lat' dir='ltr'>dcc.</span> <span class='ocrx_word' id='word_1_262' title='bbox 1654 3737 1957 3822; x_wconf 64' lang='lat' dir='ltr'>Ditllvangeliltpm</span> <span class='ocrx_word' id='word_1_263' title='bbox 1970 3743 2083 3830; x_wconf 66' lang='lat' dir='ltr'>mlum</span> 
     </span>
     <span class='ocr_line' id='line_1_30' title="bbox 723 3798 2060 3889; baseline 0.013 -24"><span class='ocrx_word' id='word_1_264' title='bbox 723 3817 753 3867; x_wconf 87' lang='lat' dir='ltr'>tn</span> <span class='ocrx_word' id='word_1_265' title='bbox 774 3801 878 3878; x_wconf 74' lang='lat' dir='ltr'>[ulum</span> <span class='ocrx_word' id='word_1_266' title='bbox 894 3798 992 3883; x_wconf 63' lang='lat' dir='ltr'>{illan</span> <span class='ocrx_word' id='word_1_267' title='bbox 1005 3810 1191 3884; x_wconf 61' lang='lat' dir='ltr'>occuluntur</span> <span class='ocrx_word' id='word_1_268' title='bbox 1212 3814 1307 3889; x_wconf 71' lang='lat' dir='ltr'>thart.</span> <span class='ocrx_word' id='word_1_269' title='bbox 2056 3877 2060 3882; x_wconf 91' lang='lat'>.</span> 
     </span>
    </p>
   </div>
   <div class='ocr_carea' id='block_1_9' title="bbox 649 3911 2087 4585">
    <p class='ocr_par' dir='ltr' id='par_1_9' title="bbox 649 3911 2087 4585">
     <span class='ocr_line' id='line_1_31' title="bbox 649 3911 2084 4016; baseline 0.017 -38"><span class='ocrx_word' id='word_1_270' title='bbox 649 3913 684 3996; x_wconf 71' lang='lat' dir='ltr'>b)</span> <span class='ocrx_word' id='word_1_271' title='bbox 702 3911 738 3979; x_wconf 92' lang='lat' dir='ltr'>ln</span> <span class='ocrx_word' id='word_1_272' title='bbox 751 3917 856 3978; x_wconf 76' lang='lat' dir='ltr'>niedit.</span> <span class='ocrx_word' id='word_1_273' title='bbox 871 3920 908 3980; x_wconf 88' lang='lat' dir='ltr'>ad</span> <span class='ocrx_word' id='word_1_274' title='bbox 922 3915 1062 3984; x_wconf 84' lang='lat' dir='ltr'>Instrnm.</span> <span class='ocrx_word' id='word_1_275' title='bbox 1080 3923 1110 3986; x_wconf 89' lang='lat' dir='ltr'>P.</span> <span class='ocrx_word' id='word_1_276' title='bbox 1128 3924 1252 4006; x_wconf 84' lang='lat' dir='ltr'>Specim</span> <span class='ocrx_word' id='word_1_277' title='bbox 1267 3926 1323 3991; x_wconf 84' lang='grc' dir='ltr'><strong>ΙΙΙ.</strong></span> <span class='ocrx_word' id='word_1_278' title='bbox 1340 3929 1411 3995; x_wconf 89' lang='lat' dir='ltr'>Art.</span> <span class='ocrx_word' id='word_1_279' title='bbox 1423 3927 1463 3996; x_wconf 87' lang='lat' dir='ltr'>V.</span> <span class='ocrx_word' id='word_1_280' title='bbox 1480 3933 1512 4012; x_wconf 62' lang='grc'>3.</span> <span class='ocrx_word' id='word_1_281' title='bbox 1527 3923 1664 3998; x_wconf 84' lang='lat' dir='ltr'><strong>XXVII.</strong></span> <span class='ocrx_word' id='word_1_282' title='bbox 1681 3929 1738 3997; x_wconf 88' lang='lat' dir='ltr'>fol.</span> <span class='ocrx_word' id='word_1_283' title='bbox 1754 3947 1824 4016; x_wconf 81' lang='lat'><strong>327.</strong></span> <span class='ocrx_word' id='word_1_284' title='bbox 1838 3933 1885 4002; x_wconf 86' lang='lat' dir='ltr'>lit.</span> <span class='ocrx_word' id='word_1_285' title='bbox 1899 3939 1930 4004; x_wconf 88' lang='lat' dir='ltr'>d.</span> <span class='ocrx_word' id='word_1_286' title='bbox 1973 3937 2084 4010; x_wconf 84' lang='lat' dir='ltr'>Econ.</span> 
     </span>
     <span class='ocr_line' id='line_1_32' title="bbox 721 3996 2084 4096; baseline 0.025 -37"><span class='ocrx_word' id='word_1_287' title='bbox 721 4007 769 4059; x_wconf 88' lang='lat' dir='ltr'>tra</span> <span class='ocrx_word' id='word_1_288' title='bbox 783 3996 851 4058; x_wconf 77' lang='lat' dir='ltr'>fiad</span> <span class='ocrx_word' id='word_1_289' title='bbox 865 3999 947 4060; x_wconf 83' lang='lat' dir='ltr'>ltunc</span> <span class='ocrx_word' id='word_1_290' title='bbox 960 4004 1097 4065; x_wconf 81' lang='lat' dir='ltr'>nostrum</span> <span class='ocrx_word' id='word_1_291' title='bbox 1111 4017 1205 4081; x_wconf 62' lang='lat' dir='ltr'>cunm</span> <span class='ocrx_word' id='word_1_292' title='bbox 1221 4011 1411 4074; x_wconf 76' lang='lat' dir='ltr'>attendimus</span> <span class='ocrx_word' id='word_1_293' title='bbox 1426 4014 1580 4088; x_wconf 87' lang='lat' dir='ltr'>animum,</span> <span class='ocrx_word' id='word_1_294' title='bbox 1602 4017 1642 4076; x_wconf 84' lang='lat' dir='ltr'>de</span> <span class='ocrx_word' id='word_1_295' title='bbox 1655 4016 1839 4096; x_wconf 77' lang='lat' dir='ltr'>pignoribus</span> <span class='ocrx_word' id='word_1_296' title='bbox 1855 4021 1983 4086; x_wconf 84' lang='lat' dir='ltr'>videtur</span> <span class='ocrx_word' id='word_1_297' title='bbox 1999 4028 2084 4094; x_wconf 88' lang='lat' dir='ltr'>aliud</span> 
     </span>
     <span class='ocr_line' id='line_1_33' title="bbox 720 4076 2063 4175; baseline 0.025 -35"><span class='ocrx_word' id='word_1_298' title='bbox 720 4076 936 4150; x_wconf 71' lang='lat' dir='ltr'>statuendum</span> <span class='ocrx_word' id='word_1_299' title='bbox 964 4102 1033 4144; x_wconf 87' lang='lat' dir='ltr'>nam</span> <span class='ocrx_word' id='word_1_300' title='bbox 1061 4084 1130 4148; x_wconf 79' lang='lat' dir='ltr'>haec</span> <span class='ocrx_word' id='word_1_301' title='bbox 1149 4087 1273 4149; x_wconf 84' lang='lat' dir='ltr'>demunt</span> <span class='ocrx_word' id='word_1_302' title='bbox 1302 4091 1384 4152; x_wconf 84' lang='lat' dir='ltr'>bona</span> <span class='ocrx_word' id='word_1_303' title='bbox 1429 4097 1585 4175; x_wconf 84' lang='lat' dir='ltr'>ignoratin</span> <span class='ocrx_word' id='word_1_304' title='bbox 1612 4096 1799 4160; x_wconf 80' lang='lat' dir='ltr'>restitutioni</span> <span class='ocrx_word' id='word_1_305' title='bbox 1826 4102 1971 4166; x_wconf 80' lang='lat' dir='ltr'>obnoxia</span> <span class='ocrx_word' id='word_1_306' title='bbox 1994 4107 2063 4174; x_wconf 88' lang='lat' dir='ltr'>sunt</span> 
     </span>
     <span class='ocr_line' id='line_1_34' title="bbox 721 4114 2086 4258; baseline 0.024 -38"><span class='ocrx_word' id='word_1_307' title='bbox 721 4177 793 4258; x_wconf 72' lang='lat' dir='ltr'>quae</span> <span class='ocrx_word' id='word_1_308' title='bbox 814 4161 944 4223; x_wconf 88' lang='lat' dir='ltr'>durante</span> <span class='ocrx_word' id='word_1_309' title='bbox 963 4163 1048 4225; x_wconf 86' lang='lat' dir='ltr'>ballo</span> <span class='ocrx_word' id='word_1_310' title='bbox 1065 4169 1181 4249; x_wconf 79' lang='lat' dir='ltr'>absque</span> <span class='ocrx_word' id='word_1_311' title='bbox 1201 4173 1319 4249; x_wconf 80' lang='lat' dir='ltr'>praevia</span> <span class='ocrx_word' id='word_1_312' title='bbox 1339 4114 1437 4236; x_wconf 71' lang='lat' dir='ltr'>cautla</span> <span class='ocrx_word' id='word_1_313' title='bbox 1456 4179 1642 4256; x_wconf 75' lang='lat' dir='ltr'>cognitione</span> <span class='ocrx_word' id='word_1_314' title='bbox 1664 4178 1716 4238; x_wconf 86' lang='lat' dir='ltr'>vel</span> <span class='ocrx_word' id='word_1_315' title='bbox 1740 4197 1804 4240; x_wconf 94' lang='lat' dir='ltr'>non</span> <span class='ocrx_word' id='word_1_316' title='bbox 1823 4180 1924 4246; x_wconf 84' lang='lat' dir='ltr'>soluta</span> <span class='ocrx_word' id='word_1_317' title='bbox 1946 4187 2032 4255; x_wconf 86' lang='lat' dir='ltr'>sorte</span> <span class='ocrx_word' id='word_1_318' title='bbox 2046 4154 2086 4257; x_wconf 66' lang='lat' dir='ltr'>as</span> 
     </span>
     <span class='ocr_line' id='line_1_35' title="bbox 721 4240 2087 4342; baseline 0.028 -42"><span class='ocrx_word' id='word_1_319' title='bbox 721 4240 829 4338; x_wconf 71' lang='lat' dir='ltr'>aliquo</span> <span class='ocrx_word' id='word_1_320' title='bbox 849 4241 917 4338; x_wconf 79' lang='lat' dir='ltr'>sunt</span> <span class='ocrx_word' id='word_1_321' title='bbox 934 4257 1098 4325; x_wconf 82' lang='lat' dir='ltr'>occupata.</span> <span class='ocrx_word' id='word_1_322' title='bbox 1140 4249 1351 4330; x_wconf 79' lang='lat' dir='ltr'>Excipiuntnt</span> <span class='ocrx_word' id='word_1_323' title='bbox 1372 4258 1477 4336; x_wconf 84' lang='lat' dir='ltr'>itaque</span> <span class='ocrx_word' id='word_1_324' title='bbox 1498 4269 1651 4340; x_wconf 85' lang='lat' dir='ltr'>occupata</span> <span class='ocrx_word' id='word_1_325' title='bbox 1673 4277 1744 4320; x_wconf 88' lang='lat' dir='ltr'>cunt</span> <span class='ocrx_word' id='word_1_326' title='bbox 1767 4266 1885 4342; x_wconf 80' lang='lat' dir='ltr'>praevia</span> <span class='ocrx_word' id='word_1_327' title='bbox 1906 4269 2010 4334; x_wconf 77' lang='lat' dir='ltr'>rausae</span> <span class='ocrx_word' id='word_1_328' title='bbox 2028 4292 2087 4338; x_wconf 87' lang='lat' dir='ltr'>eo·</span> 
     </span>
     <span class='ocr_line' id='line_1_36' title="bbox 722 4322 2087 4424; baseline 0.029 -44"><span class='ocrx_word' id='word_1_329' title='bbox 722 4334 866 4402; x_wconf 83' lang='lat' dir='ltr'>gntttone</span> <span class='ocrx_word' id='word_1_330' title='bbox 880 4322 913 4384; x_wconf 81' lang='lat' dir='ltr'>dt</span> <span class='ocrx_word' id='word_1_331' title='bbox 927 4324 1026 4385; x_wconf 88' lang='lat' dir='ltr'>solnta</span> <span class='ocrx_word' id='word_1_332' title='bbox 1041 4327 1140 4389; x_wconf 72' lang='lat' dir='ltr'>sttrte:</span> <span class='ocrx_word' id='word_1_333' title='bbox 1172 4331 1253 4405; x_wconf 87' lang='lat' dir='ltr'>Quia</span> <span class='ocrx_word' id='word_1_334' title='bbox 1268 4340 1458 4399; x_wconf 86' lang='lat' dir='ltr'>contrarium</span> <span class='ocrx_word' id='word_1_335' title='bbox 1476 4341 1687 4410; x_wconf 83' lang='lat' dir='ltr'>conditionis,</span> <span class='ocrx_word' id='word_1_336' title='bbox 1709 4339 1761 4402; x_wconf 89' lang='lat' dir='ltr'>sub</span> <span class='ocrx_word' id='word_1_337' title='bbox 1777 4363 1835 4424; x_wconf 88' lang='lat' dir='ltr'>qna</span> <span class='ocrx_word' id='word_1_338' title='bbox 1851 4346 2011 4416; x_wconf 84' lang='lat' dir='ltr'>restitutio</span> <span class='ocrx_word' id='word_1_339' title='bbox 2025 4356 2087 4419; x_wconf 87' lang='lat' dir='ltr'>irn-</span> 
     </span>
     <span class='ocr_line' id='line_1_37' title="bbox 722 4405 2086 4520; baseline 0.031 -58"><span class='ocrx_word' id='word_1_340' title='bbox 722 4416 829 4496; x_wconf 71' lang='lat' dir='ltr'>perata</span> <span class='ocrx_word' id='word_1_341' title='bbox 841 4405 900 4499; x_wconf 71' lang='lat' dir='ltr'>eil,</span> <span class='ocrx_word' id='word_1_342' title='bbox 922 4405 958 4465; x_wconf 85' lang='lat' dir='ltr'>ab</span> <span class='ocrx_word' id='word_1_343' title='bbox 971 4405 1028 4464; x_wconf 81' lang='lat' dir='ltr'>llac</span> <span class='ocrx_word' id='word_1_344' title='bbox 1040 4408 1236 4486; x_wconf 77' lang='lat' dir='ltr'>obligatione</span> <span class='ocrx_word' id='word_1_345' title='bbox 1251 4415 1370 4478; x_wconf 84' lang='lat' dir='ltr'>liberat.</span> <span class='ocrx_word' id='word_1_346' title='bbox 1413 4417 1492 4480; x_wconf 82' lang='lat' dir='ltr'>Haec</span> <span class='ocrx_word' id='word_1_347' title='bbox 1507 4433 1610 4485; x_wconf 84' lang='lat' dir='ltr'>tamen</span> <span class='ocrx_word' id='word_1_348' title='bbox 1623 4423 1705 4489; x_wconf 77' lang='lat' dir='ltr'>dicta</span> <span class='ocrx_word' id='word_1_349' title='bbox 1719 4421 1778 4492; x_wconf 76' lang='lat' dir='ltr'>sint</span> <span class='ocrx_word' id='word_1_350' title='bbox 1793 4428 1911 4512; x_wconf 76' lang='lat' dir='ltr'>absque</span> <span class='ocrx_word' id='word_1_351' title='bbox 1924 4433 2086 4520; x_wconf 81' lang='lat' dir='ltr'>cujusque</span> 
     </span>
     <span class='ocr_line' id='line_1_38' title="bbox 724 4481 1574 4585; baseline 0.033 -41"><span class='ocrx_word' id='word_1_352' title='bbox 724 4485 925 4567; x_wconf 71' lang='lat' dir='ltr'>praejudicto,</span> <span class='ocrx_word' id='word_1_353' title='bbox 948 4481 981 4551; x_wconf 81' lang='lat' dir='ltr'>dt</span> <span class='ocrx_word' id='word_1_354' title='bbox 999 4484 1086 4557; x_wconf 77' lang='lat' dir='ltr'>salto</span> <span class='ocrx_word' id='word_1_355' title='bbox 1103 4489 1217 4562; x_wconf 67' lang='lat' dir='ltr'>rectius</span> <span class='ocrx_word' id='word_1_356' title='bbox 1235 4493 1432 4568; x_wconf 82' lang='lat' dir='ltr'>sentientium</span> <span class='ocrx_word' id='word_1_357' title='bbox 1443 4499 1574 4585; x_wconf 78' lang='lat' dir='ltr'>jndicio.</span> 
     </span>
    </p>
   </div>
   <div class='ocr_carea' id='block_1_10' title="bbox 0 0 2494 5556">
    <p class='ocr_par' dir='ltr' id='par_1_10' title="bbox 0 0 2494 5556">
     <span class='ocr_line' id='line_1_39' title="bbox 0 0 2494 5556; baseline 0 0"><span class='ocrx_word' id='word_1_358' title='bbox 0 0 2494 5556; x_wconf 95' lang='lat' dir='ltr'> </span> 
     </span>
    </p>
   </div>
  </div>
 </body>
</html>
