4950 5567
457 613 459 618 -
500 564 573 647 nr
596 535 1757 673 JUttlsmCT.EchE81AST.Dotv11N1smattae.
1792 614 1866 694 μγ,

373 772 455 852 peta
476 746 586 847 polle:
613 748 788 846 postquam
810 747 921 819 denuo
942 746 1087 823 ostendit
1111 754 1361 839 Mose-tut,
1385 731 1548 851 putenam
1573 781 1727 859 tempore
1739 765 1866 843 Refor‘
1966 790 1969 794 ·

367 852 556 929 nationis,
580 848 676 918 Pacis
690 841 876 938 Religiosac
892 867 925 916 ct
940 843 1184 940 westphalicae
1199 849 1289 922 circa
1303 846 1452 935 fontem,
1477 856 1699 953 principium,
1723 866 1859 943 titulum
1924 915 1929 924 ·

395 951 472 1019 uris
493 942 661 1017 sacrorum
677 965 711 1015 et
732 946 768 1013 in
782 941 871 1013 sacra
888 937 1014 1015 fuerint
1028 942 1284 1017 Procedantium
1298 950 1442 1040 genuina
1455 947 1689 1035 fundamenta,
1710 961 1744 1030 id
1763 970 1860 1060 equi.

396 1069 457 1116 em
470 1067 544 1117 rem
559 1036 640 1112 falli
658 1036 740 1122 else,
769 1062 869 1134 atque
881 1034 980 1109 {silis
1000 1038 1308 1125 demonstrandam,
1330 1069 1396 1115 noo
1413 1071 1495 1119 vero
1516 1071 1572 1120 aut
1595 1052 1776 1128 ratiociniis
1798 1085 1858 1136 aut

366 1137 561 1239 systematis
581 1163 599 1209 a
617 1132 859 1210 recentioribus
880 1133 1184 1229 plane.Theologis
1200 1161 1259 1210 aut
1272 1143 1366 1234 Juria
1383 1143 1549 1215 consultis
1565 1152 1776 1240 excogitatis3
1802 1159 1861 1230 de.

366 1262 471 1310 num
485 1234 669 1328 subjungit:
696 1230 795 1316 „Du
815 1231 866 1309 bie
882 1231 1033 1311 Theoric
1049 1244 1119 1311 tou
1141 1238 1216 1313 octat
1229 1232 1421 1328 lintcrstbib
1439 1237 1590 1338 tuismet
1606 1240 1859 1331 inunctionis

367 1334 486 1425 „then
509 1331 697 1427 Maiestate·
722 1331 794 1408 uni>
825 1328 1006 1421 Collegial·
1034 1324 1185 1437 Ditdlitn
1219 1330 1255 1409 in
1287 1333 1476 1423 Religions·
1500 1338 1573 1415 uub
1597 1335 1857 1439 ilithtnluhttt
1926 1401 1928 1406 »

369 1428 513 1517 ‚docnt
528 1455 574 1522 50
588 1425 690 1524 Stant
703 1426 754 1505 cit
768 1424 825 1519 iti3
850 1428 921 1504 uno
938 1420 1020 1514 aad)
1037 1442 1103 1535 tato
1116 1440 1185 1504 non
1204 1426 1310 1538 pitito
1325 1424 1857 1546 actantiuenmedpunaennm

370 1524 498 1614 „siclt
511 1539 758 1619 tricennarium
777 1522 861 1600 nbat
877 1517 999 1599 cinnat
1020 1523 1127 1630 utrm
1152 1521 1186 1615 [a
1207 1520 1247 1614 iti
1261 1521 1532 1625 ldicdttctoinnt
1550 1532 1758 1629 unmoglich,
1787 1543 1860 1638 nat

369 1611 1194 1725 „otttuantttitdntanntanutuunuditum
1210 1629 1275 1699 tna
1301 1645 1379 1699 100.
1413 1648 1491 1717 150.
1516 1627 1588 1705 uuo
1609 1654 1691 1703 200.
1707 1629 1874 1728 &utitur

369 1733 479 1807 „ono
494 1719 600 1796 citent
614 1713 740 1812 snicbm
754 1709 945 1807 anteatino
960 1719 1071 1791 ernas
1090 1713 1235 1808 gemuli,
1263 1718 1334 1825 utto
1355 1734 1413 1797 cn
1434 1723 1693 1821 nlttutninsstn
1711 1732 1856 1831 [albicet

367 1813 627 1916 „tundimur
645 1808 986 1908 {latrocinamur
1007 1808 1118 1905 natent
1141 1810 1250 1905 nabet
1272 1808 1414 1924 intutu.
1525 1863 1541 1877 ·-
1896 1837 1899 1842 ·

419 2057 424 2065 -
492 2011 636 2109 Propius
661 2007 703 2080 ad
725 2002 779 2079 sco
805 2029 863 2077 um
887 1998 1034 2079 nostrum
1060 2000 1125 2091 est,
1152 2004 1243 2104 quod
1269 2010 1377 2106 inquit
1403 2013 1563 2084 Mosen
1590 2013 1613 2088 1.
1629 2018 1685 2098 cit.
1711 2045 1746 2120 p.
1766 2050 1851 2123 743,

367 2103 571 2196 sententiam
597 2108 638 2177 de
654 2030 886 2200 jurisdidlionc
910 2101 1121 2175 ecclesiastica
1144 2108 1371 2178 Dominorum
1398 2109 1650 2190 territorialiunt
1676 2119 1859 2221 utriusque·

368 2205 562 2299 Religionis
577 2229 639 2286 nec
656 2227 775 2274 novam
791 2196 871 2281 effe,
898 2224 957 2272 nec
974 2198 1230 2280 Protestantihus
1250 2206 1284 2273 in
1306 2203 1548 2297 praejudicium
1565 2210 1733 2302 quoddam
1754 2224 1852 2297 cede.

369 2328 430 2378 re:
455 2299 698 2397 objeflionibus
723 2298 929 2394 praecipuis,
954 2297 1045 2392 quod
1074 2299 1110 2388 ι)
1136 2320 1289 2393 tempore
1308 2297 1530 2371 Trailatuum
1548 2306 1581 2372 P.
1598 2309 1650 2376 W.
1672 2313 1756 2386 nulli
1780 2323 1852 2393 Do·

369 2403 467 2476 mino
490 2396 684 2471 territoriali
706 2394 880 2468 Catholico
905 2392 1061 2465 inciderit
1080 2391 1356 2489 Jurisdiilioncm
1376 2392 1619 2469 ecclefiallicam
1642 2407 1676 2474 in
1698 2407 1847 2490 subditos

371 2494 450 2572 suos
466 2493 685 2569 Protellantes
701 2514 873 2575 exercere,
899 2513 998 2585 atque
1012 2488 1073 2559 hac
1095 2492 1224 2561 ratione
1250 2493 1288 2581 2)
1313 2516 1378 2563 una
1392 2516 1492 2562 manu
1512 2494 1621 2568 denuo
1638 2504 1849 2586 Prorcstanti·

372 2593 437 2668 bua
451 2593 597 2666 ablatum
614 2587 728 2672 fuitse,
755 2587 847 2687 quod
868 2587 969 2657 altera
990 2582 1174 2658 concellum
1192 2583 1314 2669 fuerit,
1338 2589 1471 2682 eoquod
1489 2614 1574 2661 nunc
1597 2598 1773 2685 agnoscere
1789 2610 1848 2683 de·

370 2681 770 2787 herenrjurisdiilionem
788 2686 925 2760 Domini
940 2684 1149 2755 territorialis
1170 2684 1335 2757 Catholici
1352 2685 1426 2755 loco
1445 2683 1685 2779 jurisdiilionis
1707 2701 1848 2795 Episco.

372 2790 459 2885 palis
480 2788 614 2859 demum
628 2783 702 2882 post
717 2805 765 2865 tot
780 2803 914 2856 conatus
928 2782 964 2853 in
980 2803 1098 2858 eorum
1118 2775 1271 2858 favorem
1293 2778 1490 2880 suspensae,
1523 2783 1568 2855 ita
1589 2785 1767 2885 respondet
1784 2809 1843 2878 cit,
1984 2787 1987 2791 ’
2054 2813 2059 2822 ·

371 2888 544 2986 scriptor,
571 2907 605 2957 et
630 2878 768 2978 quidem
880 2955 882 2960 .

491 3081 545 3155 Ad
575 3084 612 3173 r)
637 3080 746 3179 inquit
771 3072 962 3175 expeditum
986 3074 1123 3149 omnino
1147 3099 1214 3148 non
1239 3068 1322 3159 else,
1347 3097 1387 3146 an
1411 3099 1478 3154 non
1503 3076 1602 3150 etiam
1629 3105 1702 3156 ante
1724 3090 1845 3172 Pacem
1957 3114 1963 3117 ’

373 3177 632 3279 Wellphalicam
647 3177 797 3272 exempla
811 3171 1051 3271 jurisdiflionis
1066 3170 1294 3248 ecclcfiallicac
1308 3199 1326 3243 a
1344 3171 1766 3258 Dominis'terrirorialibus
1781 3197 1843 3264 Ca.

371 3277 507 3354 tholicis
530 3281 563 3347 in
578 3275 723 3349 subditos
740 3272 957 3345 Protcllanrcs
973 3276 1152 3354 exercitae,
1168 3274 1219 3344 uti
1235 3297 1254 3343 a
1269 3275 1363 3342 Duce
1382 3270 1601 3363 Neoburgico
1621 3281 1653 3345 in
1674 3288 1845 3384 terrisJu·

369 3373 566 3450 liaceoiibus
582 3398 615 3444 et
630 3370 877 3450 Montenstbus,
904 3362 1050 3463 proferri
1065 3390 1211 3465 queant:
1237 3363 1352 3464 quodsi
1369 3372 1467 3440 etiam
1484 3367 1648 3462 ejusmodi
1666 3381 1747 3471 quid
1765 3411 1845 3458 000.

368 3473 529 3554 cedatur,
554 3495 624 3543 tum
638 3467 778 3539 necdum
794 3468 977 3536 aDominis
988 3464 1167 3536 Catholicis
1178 3461 1386 3560 praetensum
1403 3459 1518 3548 fuiffc3
1547 3467 1663 3561 ingens
1679 3500 1766 3549 nunc
1778 3478 1844 3559 elle

370 3569 569 3648 discrimen,
595 3591 670 3636 cum
694 3587 768 3635 ante
783 3587 856 3635 eam
897 3587 987 3633 actm
1011 3562 1129 3631 iubditi
1147 3587 1165 3630 a
1180 3560 1354 3651 licligioac
1369 3563 1507 3630 Domini
1526 3562 1624 3634 alieni
1641 3571 1691 3640 vel
1707 3575 1846 3652 territo-¹

367 3671 423 3742 rio
436 3666 559 3764 expelli
577 3665 771 3760 potuerint,
795 3682 851 3730 aut
866 3586 894 3728 d
910 3660 1040 3729 tolerati
1061 3653 1188 3727 fuerint
1199 3656 1465 3751 jurisdiilioncm
1485 3656 1660 3757 Episcopi,
1685 3669 1741 3740 etii
1764 3679 1842 3749 Pro·

369 3765 527 3841 testantes
540 3757 681 3840 fuerint,
707 3757 884 3828 debuerint
899 3752 1090 3846 agnoscere,
1119 3754 1221 3825 hodie
1243 3778 1281 3824 cx
1301 3748 1462 3824 beneficio
1477 3758 1552 3824 anni
1567 3767 1725 3834 nortaniis
1741 3776 1841 3848 ctiam

370 3863 556 3935 aDomino
576 3861 680 3928 invito
698 3856 903 3931 tolerandos,
928 3874 1032 3945 quare
1056 3854 1180 3921 mirum
1206 3875 1273 3919 nun
1296 3846 1376 3932 effe,
1402 3848 1557 3923 sisaltcm
1571 3852 1840 3946 jurisdilliouem
1906 3932 1914 3952 ,

368 3955 617 4036 ecclcfiallicam
637 3979 676 4024 rx
695 3948 765 4047 ipso
786 3949 844 4019 illo
867 3945 1121 4019 Protcllantium
1145 3950 1325 4027 axiomata,
1350 3949 1432 4038 cujus
1453 3950 1493 4036 cst
1510 3958 1620 4042 Regia,
1645 3961 1723 4030 iliius
1749 3973 1841 4040 etiam

363 4060 410 4149 ,ρ
423 4061 565 4150 Religio,
589 4055 623 4121 in
643 4048 806 4144 ejusmodi
829 4042 973 4116 subditos
988 4049 1125 4116 Domini
1140 4044 1306 4116 Catholici
1335 4067 1487 4116 exercere
1509 4045 1622 4123 velint.
1672 4059 1744 4148 Ego
1759 4090 1841 4138 vem

367 4154 446 4233 satis
461 4152 639 4227 exercitam
657 4139 1002 4239 camjurisdiilioncm
1019 4167 1036 4211 a
1053 4142 1232 4213 Catholicis
1246 4142 1312 4236 jam
1330 4164 1399 4210 tum
1415 4136 1508 4213 fuisse
1524 4143 1689 4233 existimo,
1704 4164 1837 4252 eoquod

368 4250 488 4353 exiplis
503 4245 760 4323 Procedantium
775 4266 813 4313 ea
828 4263 933 4311 aetate
949 4238 1193 4332 gravaminibus
1209 4240 1352 4318 eluceat,
1379 4262 1396 4307 a
1410 4242 1565 4311 Dominis
1582 4248 1760 4324 Catholicis
1777 4260 1839 4331 lie·
1947 4315 1951 4328 .

365 4354 530 4446 {igionem
549 4342 802 4417 Protcslantium
828 4336 879 4408 vel
900 4337 997 4431 plane
1019 4336 1243 4433 prohibitam,
1269 4336 1319 4405 vel
1346 4337 1455 4427 quoad
1478 4344 1669 4413 exercitium
1694 4349 1834 4446 ejusque

366 4448 510 4523 modum
525 4439 726 4518 restriilam,
752 4430 895 4505 cancella
918 4434 999 4511 alia,
1026 4434 1088 4504 alia
1112 4455 1247 4523 negata,
1271 4429 1468 4503 rcluilanres
1493 4438 1653 4511 mandatis
1671 4445 1837 4540 ejusmodi

362 4547 488 4648 poenit
503 4542 665 4624 coercitos
679 4527 794 4623 fuisse,
817 4555 851 4613 ct
866 4555 952 4631 quac
967 4528 1083 4608 fimilia
1099 4528 1170 4599 sunt
1188 4529 1294 4603 adhuc
1311 4530 1495 4629 compluta.

1078 4630 1212 4724 Ttt3
1783 4646 1839 4721 Ad
