4950 5567
499 645 569 721 ou
595 647 661 722 no
688 646 838 747 Quor>
864 643 1068 746 Jusrunr
1096 649 1189 723 asu
1213 647 1367 726 cruca·
1389 611 1746 730 urrunssnurhs
1763 654 1828 735 ue
1852 643 1922 755 ree

476 849 509 893 as
525 849 639 895 contra
661 828 829 897 concivem
847 848 976 898 exercet
1001 828 1044 918 e).
1096 825 1189 896 Idem
1207 850 1342 922 quoque
1366 829 1433 902 ado
1453 831 1486 901 in
1507 828 1776 928 subsequentibus
1793 833 1923 927 legibue
2111 899 2116 910 ,

476 926 586 1012 nperii
601 920 753 1019 expreslis
770 923 878 995 verbis
898 923 1076 1003 stabilitur,
1102 922 1203 994 veluti
1222 927 1255 994 in
1270 923 1407 997 Recessu
1426 932 1514 1026 Imp.
1529 929 1570 1001 de
1584 956 1613 1000 a.
1636 953 1735 1020 ¹570·
1760 936 1777 1008 i
1806 945 1862 1019 84.
1884 933 1921 1001 iu
2018 927 2022 934 ’

476 1017 663 1089 irmelibus:
694 1025 797 1095 Wuuu
818 1025 893 1088 autb
917 1025 964 1090 die
988 1021 1120 1108 urreisa,
1147 1026 1205 1090 wie
1231 1025 1279 1091 die
1303 1024 1503 1116 Repreffalieu
1525 1031 1709 1118 generaliter
1731 991 1921 1098 tertarum

476 1116 608 1188 erburren
629 1117 684 1212 f).
724 1120 764 1186 ln
778 1115 1000 1188 lustrumenro
1015 1120 1088 1188 Pac.
1106 1114 1293 1212 Osnabrug.
1310 1127 1385 1222 Art.
1400 1123 1509 1194 XVll.
1536 1126 1565 1215 d.
1585 1148 1635 1212 7.,
1660 1143 1696 1194 ut
1714 1128 1787 1195 uuili
1803 1127 1921 1193 omuino

1791 1219 1925 1302 seruum

561 1384 613 1441 tuo
628 1379 738 1439 contra
749 1376 886 1446 invicem
898 1380 1034 1462 gaudere
1045 1379 1115 1464 jure
1126 1381 1201 1445 belli
1213 1403 1249 1446 ac
1260 1383 1414 1447 foederum
1426 1383 1674 1456 offenfivornm;
1692 1402 1752 1445 nec
1766 1391 1923 1462 atempo·

562 1461 646 1522 ribus
664 1473 736 1521 unte
754 1459 863 1524 Pacem
884 1467 1055 1545 publicam,
1078 1465 1138 1526 ubi·
1150 1463 1300 1545 permisi'ae
1318 1479 1405 1528 erunt
1418 1466 1634 1548 Repressaliae,
1656 1466 1694 1526 ad
1709 1464 1923 1546 subsequentia

563 1541 631 1622 post
646 1561 754 1623 pacem
769 1545 941 1623 publicam,
963 1565 1023 1626 qua
1036 1544 1162 1607 suerunt
1172 1546 1333 1621 inhibitae,
1354 1551 1498 1629 procedit
1510 1557 1742 1631 argumentum.

482 1659 519 1739 e)
541 1659 592 1721 Ad
607 1658 671 1720 hoc
684 1672 902 1740 argumentum
919 1682 961 1724 ex
980 1662 1060 1723 Pace
1074 1662 1198 1743 publica
1217 1662 1391 1726 desumtum
1410 1663 1598 1746 respondent
1619 1644 1744 1746 quidem
1764 1659 1920 1723 Wnrcrr·

564 1761 648 1803 arou
664 1742 694 1801 in
710 1742 836 1823 allegat.
850 1741 915 1805 diff.
931 1744 964 1823 ὃ.
979 1744 1027 1806 16.
1044 1741 1078 1805 de
1092 1742 1214 1806 Karta
1228 1746 1248 1807 l.
1261 1766 1288 1808 c.
1304 1748 1332 1823 §.
1347 1764 1397 1826 24.
1413 1748 1494 1827 quod
1507 1750 1572 1809 licet
1583 1766 1638 1829 per
1651 1746 1754 1807 Putem
1767 1741 1920 1825 publicone

559 1822 759 1904 diffidationes
777 1823 943 1887 erreerdz'tdu
954 1825 1032 1907 fini.
1055 1837 1227 1887 nontamen
1244 1823 1373 1907 hocipso
1391 1823 1582 1909 Principibus¹
1601 1828 1676 1906 Inep.
1699 1826 1745 1885 'ua
1763 1815 1920 1903 Repreffa·

558 1903 670 1963 trorum
681 1904 721 1985 fit
733 1904 906 1976 odemtum3
929 1906 1161 1986 uprolribitioue
1175 1905 1397 1988 diffidatiouum
1411 1911 1490 1970 euim
1506 1909 1547 1970 ud
1562 1908 1658 1991 Repre
1680 1909 1757 1967 odius
1772 1924 1832 1966 uou
1845 1919 1921 1983 pru·

558 1985 657 2045 cedere
675 1995 908 2065 argumetum
929 2006 980 2047 uec
997 1987 1187 2065 Principibus
1201 1979 1280 2067 imp.
1295 1991 1372 2048 uitio
1387 1992 1467 2050 uerti
1488 1985 1583 2071 poffe,
1601 1989 1628 2069 st
1645 1984 1840 2070 breuffmuur
1859 1982 1921 2044 lte-

557 2061 767 2207 preffolinrurn
785 2070 866 2127 vium
885 2069 1008 2147 eligunt.
1054 2067 1171 2131 Verum
1195 2068 1366 2130 irrelevans
1383 2068 1427 2130 cst
1449 2069 1518 2130 haec
1537 2070 1719 2140 cavillatio,
1741 2085 1814 2127 curn
1833 2065 1920 2126 enim

587 2144 755 2226 epreffaliae
770 2147 828 2209 sunt
845 2152 1016 2208 remedium
1033 2149 1229 2220 violentum,
1251 2170 1287 2209 ac
1300 2151 1490 2211 ablationem
1507 2152 1607 2212 rerum
1622 2150 1727 2212 invito
1743 2146 1857 2210 raum
1870 2146 1921 2207 in·

559 2231 716 2298 volvant,
739 2228 779 2287 lic
798 2248 840 2290 ex
853 2229 1026 2292 ¹identitate
1043 2232 1174 2290 rationis
1191 2232 1236 2290 uti
1262 2249 1300 2290 ue
1315 2232 1458 2310 procedit
1473 2243 1692 2310 argumentum
1708 2250 1725 2290 a
1743 2226 1920 2290 diffidatio·

560 2309 651 2369 nibus
665 2308 702 2367 ad
719 2307 935 2387 Repressalias‚
955 2329 1026 2371 curn
1042 2329 1128 2384 mens
1146 2313 1228 2390 pacis
1240 2249 1356 2382 inerit,
1376 2325 1411 2372 ut
1424 2331 1536 2374 omncs
1552 2313 1718 2374 violentiae
1733 2312 1815 2373 inter
1829 2310 1919 2370 cireo

559 2388 639 2470 Imp.
656 2387 821 2461 cessarent,
841 2409 1013 2470 omnesque
1025 2393 1126 2451 enatis
1140 2390 1365 2452 controversiis
1382 2394 1434 2454 vio
1444 2391 1523 2471 juris
1542 2394 1778 2473 experirentur;
1799 2390 1920 2472 promi·
1980 2436 1990 2440 -
2099 2435 2102 2440 ·

561 2469 664 2532 serunt
677 2471 771 2532 etium
784 2472 880 2533 status
893 2471 916 2534 1.
934 2491 997 2533 non
1011 2471 1109 2533 solum
1125 2493 1230 2546 pacem
1245 2474 1416 2552 publicam,
1437 2472 1487 2533 sed
1501 2474 1533 2533 δι
1548 2476 1632 2535 vium
1646 2473 1724 2552 juris
1737 2473 1825 2532 omni
1836 2481 1920 2531 tem·

560 2571 638 2634 pore
652 2551 831 2618 sanctissime
845 2553 975 2615 servare.
991 2552 1085 2615 Coos.
1103 2552 1320 2633 Hnudieubuug
1336 2553 1476 2614 Friedeue
1487 2555 1552 2615 uod
1562 2553 1705 2618 Rechteue
1718 2554 1749 2613 in
1762 2550 1919 2613 sacren-

561 2654 674 2697 uuaco
686 2654 726 2694 11
743 2632 836 2714 Corp.
855 2632 969 2696 Receff.
989 2633 1020 2696 Ρ.
1036 2634 1074 2695 ll.
1092 2655 1121 2717 p.
1142 2654 1188 2697 11.
1207 2635 1266 2714 seq.
1282 2635 1304 2694 li
1318 2633 1491 2696 brevissimo
1506 2634 1574 2695 haec
1586 2635 1638 2695 sibi
1652 2632 1707 2715 ipsr
1719 2631 1772 2708 jus
1792 2630 1919 2695 dicendi
2029 2641 2032 2648 '

561 2716 615 2777 via
629 2716 828 2795 relinquenda
842 2714 944 2777 suiss'et
956 2714 1085 2794 stutibus
1097 2734 1161 2776 nou
1175 2715 1317 2776 obstante
1332 2735 1409 2792 prce
1445 2716 1566 2787 ubllca,
1587 2714 1697 2777 frustra
1711 2721 1802 2774 tanto
1821 2730 1920 2792 opere
2038 2746 2043 2754 ·

561 2793 665 2858 suisset
677 2815 758 2877 opus
772 2798 802 2857 in
815 2798 945 2877 paranda
960 2797 1098 2872 longiori
1108 2795 1187 2874 juris
1202 2797 1264 2869 via,
1279 2795 1313 2857 bt
1327 2736 1527 2858 descrihendo
1540 2799 1631 2857 vario
1647 2798 1678 2859 in
1691 2796 1744 2857 vie
1754 2793 1832 2874 juris
1844 2810 1921 2872 pro·

562 2878 692 2939 cedendi
714 2878 830 2938 modo:
857 2879 939 2939 unde
953 2877 987 2938 bc
1007 2875 1181 2940 Wonro.
1205 2875 1394 2940 Tnxrorr
1410 2880 1441 2939 in
1468 2878 1626 2942 Commeat.
1649 2877 1691 2938 od
1716 2870 1859 2957 Rereffil
1906 2916 1918 2937 .

563 2957 642 3024 Nou.
659 2958 733 3037 disp.
757 2956 845 3021 VllI.
864 2966 887 3039 ς.
905 2978 935 3039 9.
955 2958 1076 3019 scribit:
1100 2956 1174 3019 resse
1197 2967 1299 3020 autem
1323 2967 1443 3019 mouent
1465 2958 1630 3029 Duriores,
1654 2951 1850 3037 Repreffulius
1860 2892 1919 3035 fi·

560 3061 631 3124 pere
641 3038 770 3121 speciem
787 3040 940 3120 quondum
959 3042 1043 3110 belli,
1063 3082 1071 3099 .
1090 3084 1098 3100 .
1116 3084 1124 3100 .
1145 3039 1224 3100 uude
1236 3042 1395 3120 sequitur.
1427 3040 1507 3120 quod
1538 3034 1728 3119 Repreffolioe
1740 3041 1819 3099 iuter
1841 3039 1920 3097 tiore

562 3121 743 3203 Respublica
761 3124 945 3202 regulqriter
970 3121 1024 3194 lint
1041 3117 1216 3200 prohibitu,
1237 3125 1290 3200 qui
1294 3117 1407 3200 scilicet
1414 3121 1468 3200 jus
1486 3140 1547 3182 uon
1568 3120 1692 3189 hubent,
1712 3128 1748 3179 ut
1777 3121 1818 3179 rbi
1832 3118 1920 3178 iuvi·

560 3222 619 3265 tem
639 3205 745 3265 bellum
765 3204 916 3273 iudicant,
938 3205 1071 3262 maxime
1088 3203 1121 3261 iu
1141 3202 1273 3280 Imperio
1307 3202 1502 3270 Germanico,
1524 3201 1577 3261 ubi
1589 3204 1688 3263 ciuiles
1714 3201 1748 3260 di
1781 3199 1918 3259 dationes

561 3285 636 3359 Pare
647 3286 763 3365 publicu
773 3283 840 3365 jom
862 3286 932 3343 olim
942 3280 1018 3362 suut
1032 3301 1051 3345 u
1067 3282 1287 3343 llloximiliouo
1312 3284 1336 3342 l.
1363 3282 1438 3361 Imp.
1454 3279 1594 3358 subiato,
1614 3282 1741 3363 indeque
1762 3276 1920 3361 Repreffu·

564 3368 622 3428 lios
634 3366 672 3428 ab
685 3366 923 3443 imperatoribus
944 3368 977 3425 iu
1003 3365 1133 3442 Imperio
1146 3363 1263 3425 concedi
1274 3362 1357 3425 baud
1367 3357 1542 3446 consueviffe
1559 3362 1638 3447 tellis
1650 3362 1689 3447 est
1708 3360 1772 3424 Ga
1782 3381 1829 3424 11.
1838 3381 1854 3423 1
1864 3377 1916 3424 ue

565 3444 703 3509 Trastat.
723 3449 759 3507 de
791 3447 950 3527 l’iguorut.
971 3445 1035 3510 obs.
1052 3445 1094 3508 ll.
1114 3463 1144 3508 n.
1164 3464 1194 3526 3.

479 3566 526 3653 f)
550 3565 588 3629 ad
604 3565 697 3646 hujus
713 3563 858 3628 Recessus
881 3561 959 3645 Imp.
982 3565 1079 3625 verba
1099 3561 1265 3645 respondet
1287 3556 1522 3627 bist-:nurture
1538 3560 1568 3623 in
1585 3560 1638 3622 cit.
1657 3555 1723 3621 diss.
1740 3557 1774 3638 §-
1801 3574 1848 3653 ¹5·
1863 3556 1919 3619 illo

565 3656 683 3712 lautum
705 3648 833 3709 relatiua
856 3640 924 3723 effe,
947 3665 1007 3706 uou
1033 3655 1131 3706 autem
1152 3663 1261 3706 nouum
1289 3642 1436 3720 complesti
1464 3643 1710 3722 prohibitionem,
1733 3658 1797 3700 eum
1817 3641 1920 3719 egitur·

564 3748 616 3791 uer
636 3729 710 3790 olibi
732 3732 765 3789 iu
790 3728 903 3809 legibus
922 3726 997 3807 lrup.
1019 3725 1193 3805 hujusmodi
1208 3723 1373 3805 probibitio
1396 3723 1652 3796 deprehendatur,
1671 3724 1781 3803 liquere
1805 3722 1858 3780 illu
1876 3715 1919 3779 od

558 3810 613 3893 jus
627 3830 779 3872 commuue
790 3812 946 3891 priuatum
960 3805 1086 3887 referri,
1115 3806 1244 3887 adeoque
1259 3806 1294 3866 de
1307 3801 1496 3884 Repreffuliis
1513 3808 1627 3866 illicitis
1641 3801 1678 3866 td
1693 3805 1772 3864 citro
1781 3798 1920 3881 superio·

562 3894 609 3953 ris
628 3890 844 3953 authoritatem
858 3886 1003 3968 susceptis
1016 3889 1210 3970 explicandus
1224 3882 1285 4026 eq'se.
1330 3886 1446 3946 Eadem
1460 3885 1529 3947 aliis
1543 3885 1648 3947 verbio
1662 3884 1776 3965 repetit
1791 3882 1887 3945 ΚΛΗ
1897 3901 1920 3942 r.

561 3974 594 4036 in
610 3976 661 4033 cit.
676 3971 740 4035 diss.
759 3974 783 4051 b.
797 3990 846 4053 25.
863 3970 1023 4038 addendo,
1048 3968 1226 4030 confirmari
1263 3986 1320 4026 nnc
1336 3965 1565 4029 distinctionem
1581 3984 1635 4045 per
1653 3962 1769 4027 Recess.
1785 3964 1862 4044 lmp.
1879 3964 1919 4023 de

562 4074 591 4116 r.
610 4073 698 4134 ¹59÷
718 4055 750 4133 ς.
770 4063 819 4126 8¹·
863 4050 982 4116 Verum
998 4052 1193 4112 cavillatoria
1206 4049 1320 4130 pariter
1334 4049 1402 4110 hacc
1416 4047 1459 4109 est
1475 4047 1651 4130 responli03
1673 4047 1728 4108 lex
1744 4046 1826 4106 enim
1841 4042 1920 4104 alle·

563 4144 636 4216 gata
656 4136 781 4214 proprie
800 4132 920 4194 nonest
937 4133 1087 4202 relativa
1110 4131 1159 4192 sed
1178 4130 1339 4211 supponit,
1362 4131 1464 4189 cuivis
1481 4151 1523 4191 ex
1541 4129 1647 4210 primis
1659 4125 1741 4200 Juris
1758 4124 1917 4205 principiis

561 4226 673 4278 notum
687 4214 764 4286 esse,
787 4216 869 4295 quod
886 4214 963 4274 sieut
982 4213 1119 4283 tereste,
1141 4212 1182 4290 fic
1195 4212 1227 4274 dr
1242 4208 1436 4288 Repressaliac
1449 4210 1637 4290 generaliter
1651 4209 1738 4269 omni
1752 4207 1820 4284 jure
1836 4207 1917 4264 iuter

561 4299 717 4360 concives
730 4297 870 4377 ejusdem
882 4294 1092 4375 Reipublicae,
1115 4296 1168 4357 ubi
1183 4295 1275 4354 datur
1290 4290 1422 4353 sacultas
1438 4311 1639 4353 communem
1654 4288 1819 4351 accedendi
1830 4283 1919 4356 Judi-

563 4399 649 4450 cem,
671 4380 728 4440 lint
748 4378 925 4459 prohibitae.
948 4384 982 4445 2)
1002 4375 1110 4437 salsum
1125 4375 1241 4437 estnec
1257 4373 1328 4433 alibi
1343 4374 1372 4434 in
1386 4373 1508 4452 legibus
1523 4373 1600 4452 lmp.
1619 4370 1776 4452 prohiberi
1790 4363 1919 4444 Repres·
2017 4399 2021 4408 ·
2089 4380 2096 4392 ·

564 4460 671 4532 solias3
693 4462 768 4522 licet
784 4463 865 4522 enirn
880 4476 943 4516 non
961 4457 1184 4536 prohibeantur
1197 4450 1356 4535 expresse,
1380 4454 1585 4526 probibentur
1598 4466 1700 4512 tamen
1718 4450 1813 4509 tnc'ite
1830 4449 1867 4508 iis
1884 4448 1918 4509 iu

564 4542 706 4623 legibus.
726 4543 780 4603 ubi
792 4543 845 4603 via
858 4538 930 4601 faur
942 4539 1069 4601 statibus
1082 4538 1253 4598 inhibetur.
1272 4535 1375 4596 veluti
1388 4538 1419 4597 in
1433 4535 1511 4608 Pace
1525 4536 1665 4613 publicu.
1684 4526 1837 4610 Religiost
1853 4525 1917 4590 bec.

563 4616 1481 4705 3]injurecomnruniprivatouulleoccurritnotiomulto
1492 4607 1919 4684 miuuadistiuihlointerlie·

501 4707 629 4789 Tamus
659 4704 729 4783 lV.
879 4799 901 4840 ο(
1196 4743 1202 4754 ·
1248 4702 1311 4797 Pp
1334 4721 1397 4797 pp
1780 4685 1924 4825 ,Νῶε
