4950 5567
489 575 565 702 4'44
688 701 690 706 Ι
940 573 1521 682 υιεεῑειιτμιο

351 823 356 846 ·
493 806 532 856 ac
546 773 662 880 patric
678 717 977 854 Conllitutionibus
1000 787 1067 838 nnn
1088 759 1299 850 adversatum
1324 785 1400 837 cum
1414 763 1503 836 enim
1520 757 1700 838 secundum
1716 757 1970 842 Conllitutionet

361 885 363 890 ’
493 878 638 970 Imperii
648 864 911 943 fundamentales
920 865 1076 935 Dominis
1093 861 1352 935 territorialibus
1365 860 1620 960 quibuscunque
1635 863 1733 936 liccat
1747 867 1787 936 in
1800 859 1869 936 suis
1886 865 1973 940 ditio·

495 979 595 1056 nibus
611 971 664 1046 vel
684 967 828 1041 tolerare
843 959 998 1045 diversae,
1024 982 1167 1060 recepte
1182 983 1294 1034 tamen
1309 963 1344 1031 in
1358 963 1511 1060 Imperio
1531 963 1704 1054 religionis
1729 962 1907 1048 homines,
1928 961 1973 1040 tel

498 1075 654 1152 eosdem,
681 1057 908 1162 stpossesstone
919 1061 1009 1132 Anni
1023 1061 1215 1131 Decretotii
1232 1081 1383 1142 careant,
1406 1059 1448 1131 ad
1464 1062 1696 1154 emigrandum
1714 1059 1885 1156 ⁰⁰g‘fssi'
1906 1083 1973 1138 cm

499 1169 686 1250 &subditis
705 1159 962 1260 quibuscunque
977 1158 1094 1229 itidem
1109 1159 1279 1250 integrum
1300 1152 1357 1239 lit,
1381 1158 1566 1254 religione,
1591 1183 1692 1256 quant
1713 1161 1856 1232 coluere
1874 1155 1975 1242 hester

495 1296 580 1352 nus,
607 1261 753 1344 deserta,
783 1253 920 1331 transire
945 1255 985 1327 ad
1013 1256 1130 1338 aliam,
1156 1253 1331 1329 domicilio
1356 1253 1498 1352 pristino
1522 1257 1577 1332 vel
1600 1279 1748 1341 mutato,
1781 1255 1922 1352 jubente
1938 1259 1975 1332 iu

496 1368 670 1444 Domino,
691 1357 764 1440 vel,
790 1356 909 1430 eodem
935 1350 1178 1437 consentiente,
1202 1376 1351 1426 retento:
1366 1355 1401 1386 *⁸
1430 1379 1498 1426 non
1521 1353 1631 1454 potest
1655 1380 1724 1427 non
1749 1356 1831 1428 inde
1857 1353 1975 1428 conclu.

500 1453 555 1550 di,
581 1460 671 1562 quod
689 1457 721 1530 ἃ
737 1457 807 1537 his,
835 1453 868 1526 st
892 1453 957 1523 illis
973 1447 1112 1524 facultas
1125 1449 1311 1549 paciscendi
1331 1448 1390 1523 suo
1406 1451 1510 1525 modo
1525 1456 1614 1527 circa
1634 1453 1837 1546 religionem
1856 1475 1975 1550 comps·

501 1589 563 1640 ¹⁸⁸·
615 1556 778 1656 Φωνὴ
799 1575 909 1624 autem
925 1548 1096 1626 sacrorum
1109 1552 1143 1620 iu
1163 1552 1347 1623 Germanic
1367 1554 1455 1624 ratio
1473 1549 1550 1624 fatis
1571 1549 1773 1625 accurate&
1820 1549 1976 1624 totideie

500 1659 718 1766 pragmaticis
733 1651 872 1747 Imperii
888 1644 1111 1720 sanilionibus
1127 1645 1165 1718 stt
1179 1644 1333 1730 definita,
1359 1649 1508 1745 penitius
1522 1674 1635 1722 tamen
1647 1672 1764 1721 earum
1779 1575 1861 1722 ὦπα
1875 1645 1976 1766 &spa

502 1761 620 1848 elalius
640 1748 892 1826 determinanda
915 1747 1085 1914 reliquere
1107 1749 1174 1818 LL.
1192 1744 1403 1840 publicarum
1424 1747 1458 1818 dt
1478 1749 1571 1820 Pacis
1585 1746 1820 1845 Wellpltalicae
1840 1747 1977 1820 contltto·

503 1884 571 1936 res.
616 1859 667 1925 lta
687 1851 776 1923 enim
792 1852 854 1918 Pax
868 1852 922 1916 W.
941 1869 982 1942 pa
1020 1871 1036 1915 a
1052 1847 1138 1916 circa
1154 1844 1328 1936 religionis
1345 1849 1538 1917 exercitium
1555 1849 1656 1919 etiam
1671 1869 1748 1918 ante
1764 1869 1887 1942 pacem
1899 1847 1976 1928 inita,

501 1957 609 2035 modo
630 1947 846 2025 observantiae
866 1951 954 2014 Anni
971 1946 1201 2014 Mocxxlv.
1227 1966 1294 2012 non
1319 1938 1550 2035 refragentur,
1577 1941 1709 2015 disertis
1733 1942 1847 2014 verbis
1870 1941 1977 2038 probat

374 2113 376 2118 .
505 2058 636 2134 mv.
661 2052 691 2139 ᾗ.
709 2071 765 2141 33.
792 2064 894 2138 prout
923 2040 956 2110 dt
982 2039 1055 2133 post
1079 2063 1196 2135 pacem
1224 2039 1266 2111 de
1290 2043 1449 2112 exercitio
1475 2041 1648 2133 religionis
1674 2038 1797 2137 pacisci
1822 2043 1977 2137 permittit

506 2155 639 2231 Art.V.
663 2150 692 2236 §.
712 2168 785 2235 31.,
809 2163 885 2209 cum
899 2137 963 2208 hoc
980 2160 1091 2208 tamen
1106 2135 1246 2208 notabili
1267 2137 1354 2209 inter
1368 2138 1466 2235 pasis
1482 2161 1577 2212 ante·
1593 2139 1627 2211 ἂ
1642 2135 1716 2238 poll
1732 2163 1851 2235 pacem
1867 2136 1977 2211 dicitu

507 2254 591 2330 inita
609 2241 817 2318 discrimine,
843 2257 880 2305 ut
896 2257 957 2331 per
971 2258 1028 2316 ea,
1054 2259 1127 2330 quae
1143 2232 1216 2331 post
1237 2259 1353 2332 pacem
1377 2240 1548 2321 ineantur,
1573 2240 1672 2310 etiam
1686 2236 1756 2332 juti
1769 2261 1810 2308 ex
1827 2233 1979 2332 possesso·

506 2374 552 2424 ne
565 2349 598 2417 in
615 2349 712 2414 Anno
726 2336 957 2407 MDCXXlV.
982 2331 1095 2406 habita
1107 2331 1270 2425 derogare
1285 2327 1335 2404 fas
1349 2331 1405 2418 lit,
1431 2333 1622 2408 testantibus
1633 2334 1667 2406 id
1684 2331 1794 2432 ipsum
1807 2332 1977 2408 clarisfim‘u

509 2441 593 2520 diiii
610 2439 642 2540 d
657 2465 673 2531 3
686 2464 714 2505 ι.
737 2431 848 2506 verbis
864 2434 899 2502 in
912 2427 995 2503 fine:
1027 2437 1069 2502 Et
1091 2433 1146 2502 hat
1164 2436 1263 2504 amaia
1285 2433 1400 2530 lempst
1420 2437 1455 2508 id
1472 2436 1579 2526 ubique
1604 2435 1804 2522 observentur
1829 2459 1865 2506 ea
1889 2435 1978 2528 aspre,

509 2551 602 2620 donec
628 2542 665 2609 de
691 2537 832 2626 religione
858 2530 1028 2617 Cltrilliatu
1053 2533 1110 2602 vel
1138 2529 1359 2616 universaliter
1382 2537 1438 2604 vel
1461 2538 1540 2604 NB.
1565 2536 1648 2604 inter
1669 2537 1779 2604 Status
1803 2535 1979 2604 immediatas

509 2661 670 2732 carumque
694 2631 825 2718 subditos
841 2651 945 2699 ntutua
971 2627 1107 2718 consensu
1132 2633 1225 2699 aliter
1250 2633 1309 2699 etit
1333 2649 1527 2702 conventum.
1577 2635 1662 2727 Qtae
1679 2626 1763 2701 adeo
1778 2623 1980 2702 manifestant

507 2737 660 2840 ptaebent
675 2749 927 2820 argumentum,
952 2727 1119 2794 Dominus
1142 2724 1362 2798 territoriales
1379 2751 1455 2798 cum
1472 2724 1616 2799 Statibus
1639 2725 1705 2798 suis
1727 2725 1979 2826 provincialibu

510 2838 627 2916 aliisve
642 2827 797 2910 subditis,
825 2824 858 2898 ἀ
874 2816 1009 2896 viciffim
1027 2817 1176 2894 subditos
1192 2847 1270 2895 cum
1286 2822 1432 2900 Statibus
1444 2823 1564 2922 pacisci
1579 2819 1684 2924 posse.

1161 3027 1194 3116 §.
1245 3021 1348 3101 Vll.

627 3158 788 3234 Nimium
813 3154 956 3251 proinde
977 3156 1191 3229 committunt
1215 3157 1263 3229 illi
1287 3153 1508 3231 Protellantes
1532 3154 1729 3257 scriptores,
1751 3160 1813 3256 qai
1838 3159 1983 3252 negativa

415 3279 421 3310 ·‘
510 3282 712 3358 ,rgumento
726 3253 914 3353 procedunt
930 3250 1122 3336 asserentes,
1152 3252 1300 3327 subditos
1315 3254 1373 3327 suo
1389 3259 1547 3328 exercitio
1565 3261 1599 3329 in
1616 3284 1702 3330 anno
1720 3259 1866 3330 normali
1881 3257 1981 3330 habito

509 3361 704 3439 renuntiare
726 3376 935 3446 nequaquam
958 3349 1067 3446 posse,
1096 3378 1134 3422 er
1156 3357 1303 3434 ratione,
1329 3355 1420 3449 quod
1441 3356 1517 3449 jure
1545 3381 1612 3426 non
1636 3381 1729 3428 mere
1750 3359 1911 3453 privato,
1933 3352 1981 3428 fed

512 3486 579 3563 per
595 3461 685 3548 leges
699 3451 847 3549 publicas
864 3451 896 3517 in
911 3444 1061 3520 favorem
1078 3453 1181 3521 totius
1196 3454 1337 3547 Imperii
1354 3450 1412 3522 fibi
1430 3451 1576 3525 concello
1591 3452 1712 3525 subditi
1728 3478 1765 3525 ut
1787 3456 1910 3550 privati
1925 3448 1981 3526 sese

514 3557 669 3634 abdicate
687 3575 753 3621 non
771 3542 907 3643 pollue
934 3549 986 3616 cui
1002 3551 1264 3619 commentitiam
1282 3547 1373 3619 illam
1391 3555 1554 3623 rationem
1572 3548 1884 3634 annefleresolent,
1899 3548 1980 3649 quud

514 3652 682 3752 ejusmodi
706 3645 801 3744 pafia
822 3645 968 3714 exercitii
988 3644 1159 3736 religionis
1182 3643 1390 3718 subditotum
1411 3647 1594 3723 relitifliva
1610 3652 1811 3747 plerumque
1835 3650 1871 3722 dt
1892 3653 1924 3721 in
1937 3671 1982 3722 rs·

515 3752 593 3850 gula
607 3745 847 3848 praefttmantur
863 3738 1000 3811 subditis
1016 3767 1033 3810 a
1051 3741 1113 3812 litis
1130 3746 1285 3814 Dominis
1301 3769 1445 3832 extorta3
1473 3752 1525 3819 cui
1540 3751 1661 3819 rationi
1682 3747 1752 3845 ipse
1767 3748 1852 3820 adeo
1866 3751 1981 3820 Hau·

513 3869 652 3928 astaus
666 3865 676 3914 1
689 3862 737 3912 ns
764 3840 842 3910 alias
860 3840 1023 3933 requitatis
1041 3837 1115 3910 saris
1131 3865 1242 3910 amans
1260 3844 1392 3915 videtur
1414 3843 1575 3924 assentiri,
1602 3846 1658 3916 ubi
1677 3849 1711 3916 in
1728 3845 1792 3917 suis
1806 3847 1980 3918 meditatio·

514 3947 614 4025 nibus
629 3943 669 4014 ad
686 3937 943 4009 lnlirumentum
960 3940 994 4006 P.
1014 3942 1057 4009 Ο.
1077 3947 1149 4008 Art.
1160 3944 1205 4008 V.
1233 3944 1263 4028 §-
1283 3967 1340 4033 31.
1367 3944 1431 4012 ait:
1465 3949 1541 4026 „At
1555 3947 1701 4039 Principi
1721 3942 1858 4014 infinitae
1876 3941 1980 4041 suppe-

514 4069 591 4122 tunt
617 4043 781 4114 rationes,
810 4034 930 4126 quibus
955 4034 1140 4106 voluntates
1173 4035 1379 4109 subditorum
1413 4036 1568 4132 frangere
1594 4039 1723 4139 potest,
1751 4066 1791 4113 ut
1816 4039 1977 4113 fuissetis

514 4149 615 4220 etiam
633 4136 725 4208 inviti
744 4129 929 4203 satisfacere
946 4155 1124 4222 cogantur:
1159 4133 1246 4203 unde
1262 4134 1479 4229 proverbium
1499 4141 1601 4219 illud,
1629 4164 1744 4234 preces
1760 4142 1976 4210 Potentiamne

515 4261 658 4315 armatas
674 4228 754 4313 csse,
777 4254 909 4302 enatum
925 4227 1060 4300 coullat.
1112 4229 1175 4301 Sed
1189 4255 1289 4326 quam
1306 4258 1514 4328 repugnans,
1535 4238 1567 4308 cit
1586 4235 1731 4333 seipsam
1747 4237 1907 4310 dirimens
1921 4238 1975 4308 ltcc

514 4339 554 4416 lit
576 4333 754 4413 sententia,
782 4325 851 4423 ipsa
877 4331 894 4418 ᾗ
926 4353 982 4422 31.
1006 4335 1082 4403 Art.
1092 4334 1135 4405 V.
1162 4328 1263 4410 verba
1284 4330 1482 4432 disjunllive
1498 4333 1603 4432 posta
1628 4336 1716 4414 clare
1735 4337 1936 4436 eloquuntur
1948 4353 1974 4402 ac

1914 4453 1980 4534 pto·

553 4568 570 4604 ⁴
592 4565 680 4629 Instr.
696 4560 727 4624 P.
745 4559 815 4623 Art.
824 4555 865 4624 V.
889 4557 922 4640 §.
935 4577 986 4644 34.
1001 4592 1017 4608 ·
1030 4577 1082 4647 37·

552 4685 592 4732 0*
617 4682 696 4753 lbis
717 4679 750 4766 §-
764 4698 814 4766 ss·
836 4697 889 4766 st·
