4950 5567
510 622 576 695 DE
603 621 668 696 EO
692 622 843 719 QUOD
869 618 1070 715 JUSTUM
1097 617 1190 694 est*
1211 617 1360 694 clttcn
1385 617 1744 695 Rettessnmns
1760 619 1827 699 dic.
1851 637 1920 719 715.
1997 665 2003 674 ·

476 822 602 891 empus,
629 795 682 867 sed
700 796 791 868 smol
807 799 878 892 pari
902 795 991 891 passu
1014 799 1194 895 nequidem
1219 793 1392 892 expebiato
1416 800 1634 890 Imperatoria
1657 793 1836 891 responso,
1867 795 1922 866 ael

476 896 557 975 lina,
582 896 657 966 licet
675 895 716 964 de
731 892 986 964 administranda
1003 892 1180 965 secundum
1196 896 1345 984 rigorem
1360 891 1490 990 Justitia
1517 917 1574 964 eor
1598 894 1779 974 reddiderit
1801 897 1921 962 certio·

476 1015 521 1070 ta,
547 993 635 1060 nulla
651 990 762 1060 habita
782 994 910 1060 ratione
924 992 964 1059 ad
982 987 1200 1086 Reprelsaliaa
1222 989 1296 1060 sunt
1315 986 1494 1085 progreffi3
1528 991 1587 1083 qui
1610 1015 1674 1060 una
1694 1014 1795 1060 manu
1812 991 1921 1083 porri·

476 1084 568 1158 ebant
584 1088 710 1157 litteras
728 1085 912 1179 supplices,
938 1087 1170 1157 alternantem
1194 1085 1388 1157 exercebant
1411 1087 1604 1157 violentias:
1638 1087 1696 1179 qui
1720 1085 1924 1177 Imperatori

476 1185 658 1274 :rogantina
675 1181 890 1278 praescribere
911 1183 1048 1252 modum
1067 1181 1270 1278 procedendi
1286 1180 1386 1250 annisi
1403 1179 1492 1261 sunt,
1518 1178 1624 1252 drnifi
1645 1206 1720 1250 mor
1733 1205 1849 1252 eorum
1865 1205 1922 1276 pe·

476 1283 518 1348 tis
539 1279 603 1349 line
628 1282 719 1350 omni
741 1275 843 1348 causae
868 1281 1059 1368 cognitione
1084 1303 1202 1348 cacam
1232 1275 1401 1372 praestaret
1423 1278 1666 1358 obedientiam,
1690 1279 1810 1345 minari
1831 1300 1925 1348 arma

476 1398 523 1445 tnt
539 1373 625 1457 ausi3
651 1376 731 1468 qnid
746 1381 849 1464 magia
867 1377 1082 1444 temerarium
1098 1372 1159 1444 else
1173 1377 1302 1468 potuit.
1327 1397 1427 1468 quani
1446 1397 1516 1444 tum
1532 1376 1734 1468 Imperatori
1750 1373 1791 1443 de
1807 1373 1925 1442 tollen·

476 1470 718 1567 tsRepressaliis
734 1468 923 1540 rescribenti
939 1473 971 1538 in
990 1465 1109 1540 faciem
1127 1468 1372 1548 declarabatur,
1388 1466 1605 1564 Reprelsaliaa
1619 1495 1685 1541 noo
1698 1473 1806 1566 priua,
1823 1491 1925 1565 quam
1986 1516 1989 1522 -

476 1592 568 1640 rrum
586 1564 758 1665 pullulatis
775 1564 878 1638 fuerit
892 1562 1093 1637 satisfatiurn
1102 1615 1112 1649 ‚
1136 1566 1338 1638 revocandas
1353 1563 1416 1637 elle
1430 1568 1486 1658 i).

1234 1699 1301 1766 Xr
1325 1722 1378 1766 xx
1409 1721 1428 1766 a
1776 1697 1841 1768 ΙΙΙ.
1857 1697 1925 1767 lm·

562 1875 643 1926 anno
659 1861 996 1935 &rubricationem
1017 1882 1079 1923 taur
1096 1864 1201 1924 walleri
1213 1860 1257 1944 fia
1272 1862 1320 1924 die
1333 1859 1448 1924 Sathen
1462 1858 1545 1923 nicht
1560 1863 1619 1925 mit
1628 1862 1683 1926 tier
1701 1860 1776 1924 auct
1788 1864 1822 1925 in
1831 1861 1926 1945 catasta

556 1942 741 2026 seminariis
755 1944 973 2024 gamainjaim
1001 1941 1253 2024 Weitldustt'giait
1264 1942 1425 2005 bohemico
1436 1939 1524 2022 saffira
1541 1941 1629 2014 &aa
1652 1945 1791 2024 adeoque
1811 1945 1928 2020 modus

564 2024 751 2105 procedendi
765 2028 796 2086 in
811 2026 932 2103 legibus
956 2025 1081 2105 imperii
1093 2025 1280 2102 generaliter
1292 2022 1488 2104 praescriptus
1501 2023 1552 2085 bic
1564 2025 1754 2088 reformatur
1774 2045 1791 2086 a
1811 2023 1923 2088 Prote·
1944 2031 1947 2036 '

564 2107 734 2178 stantibus3
756 2107 845 2167 aliam
861 2106 905 2167 illi
917 2105 1115 2182 praescribunt
1131 2125 1274 2166 normam
1292 2104 1440 2186 supremis
1459 2105 1685 2179 tribunalibust
1706 2106 1856 2169 nonlicet
1870 2104 1924 2184 iu·
1946 2113 1950 2120 '

566 2188 626 2247 dici
639 2186 780 2267 supremo
798 2187 953 2266 inquirere
970 2187 998 2247 in
1014 2187 1179 2248 veritatem
1199 2184 1274 2248 faeti
1297 2186 1348 2246 vel
1364 2186 1557 2265 gravaminis
1570 2185 1711 2268 praetensi
1724 2205 1734 2259 3
1748 2205 1788 2247 an
1803 2185 1840 2250 sit
1852 2185 1927 2249 sun·

566 2269 692 2339 drtnm,
712 2288 750 2327 an
765 2288 806 2329 ex
825 2264 1121 2346 psceWestpltalica
1146 2264 1344 2328 connitum?
1369 2266 1522 2340 nonlicet
1535 2278 1642 2346 petere
1664 2266 1926 2332 informationem
2034 2309 2037 2316 -

565 2369 584 2411 a
598 2368 654 2412 reo
668 2352 748 2411 circa
762 2349 877 2410 fabium
897 2349 1083 2428 imputatum
1097 2366 1107 2419 ;
1126 2349 1302 2426 denegatur
1313 2346 1443 2408 decreto
1460 2348 1608 2409 mandato
1619 2369 1676 2411 reo
1688 2353 1793 2412 omnis
1806 2369 1927 2431 excep-
2050 2355 2053 2360 '

566 2432 614 2494 tio
633 2431 703 2493 sub·
714 2429 748 2492 de
764 2432 982 2510 obreptionis.
1010 2429 1058 2490 sed
1076 2430 1193 2508 ierrper
1207 2429 1245 2488 ad
1263 2428 1463 2490 volontatdm
1484 2428 1634 2510 ptaeteuse
1647 2429 1811 2492 laelicaeco
1826 2432 1927 2493 modo

566 2533 645 2576 mox
665 2513 856 2574 decernenda
869 2509 912 2572 est
928 2510 1101 2581 restitutio;
1122 2508 1267 2590 amplesii
1280 2508 1394 2570 debent
1406 2508 1544 2590 suprema
1559 2513 1768 2574 tribunalia&
1782 2510 1927 2576 Catholi-

568 2595 596 2656 ci
618 2592 765 2656 srivolam
789 2593 863 2654 licet
879 2593 963 2672 pacis
983 2589 1203 2671 Westpltslicae
1221 2589 1438 2652 extensionem
1455 2611 1472 2650 a
1495 2592 1645 2672 praetensa
1666 2603 1803 2672 gravato
1822 2592 1928 2656 forsan

566 2673 699 2746 sesiam
723 2673 745 2736 st
761 2673 824 2734 hoc
839 2692 902 2732 non
917 2672 989 2744 list,
1010 2672 1072 2752 jam
1088 2672 1262 2752 denegatur
1276 2671 1391 2751 justitia
1405 2691 1421 2730 r
1434 2670 1582 2752 supremis
1594 2669 1834 2748 Tribunatibns,
1847 2675 1928 2738 nect

568 2758 743 2820 convolare
757 2756 794 2814 ad
810 2774 891 2814 arma
908 2751 941 2814 dt
958 2751 1173 2835 Repressalias:
1192 2753 1305 2814 melior
1320 2771 1429 2814 revera
1443 2753 1576 2822 modus.
1595 2756 1676 2816 utin
1691 2755 1837 2817 omnibus
1851 2776 1926 2818 cau·

567 2837 606 2900 sis
625 2837 789 2917 religionis
812 2836 888 2896 nulli
904 2833 1120 2896 succumbendi
1142 2833 1284 2912 periculo
1307 2833 1336 2894 se
1355 2847 1535 2914 exponant.
1556 2833 1604 2897 sed
1621 2835 1791 2898 necessario
1809 2837 1928 2919 semper

571 2939 642 2984 eum
656 2921 752 2980 novis
765 2917 825 2979 suis
841 2913 1025 2998 pacirWest
1049 2916 1158 2978 italicae
1169 2929 1281 2978 contra
1293 2925 1429 2976 mentem
1445 2913 1663 2996 paciscentium
1676 2920 1710 2981 iu
1723 2917 1769 2982 sui
1780 2918 1928 2982 savorem
2019 2985 2023 2996 ,

569 2999 806 3064 extensionibus
821 2997 1014 3080 triumphent
1027 2937 1256 3069 irotellantes,
1275 2995 1454 3077 excogitari
1469 2996 1551 3058 hrud
1566 3000 1683 3080 potnit.

491 3119 532 3201 Ι)
556 3117 701 3196 ιοεηῑίεε
712 3114 776 3176 hoc
786 3115 948 3195 proposuit
962 3116 1135 3198 imperator
1147 3115 1177 3177 in
1187 3113 1348 3192 Rescripto
1359 3115 1396 3176 ad
1410 3114 1497 3177 snum
1509 3112 1757 3178 Commissarinm
1767 3112 1928 3196 Principe·

569 3200 631 3261 lent
649 3201 680 3262 in
693 3197 832 3258 comitiis
845 3198 895 3259 dd.
912 3216 960 3277 14.
974 3195 996 3258 F
998 3199 1116 3258 ebtuar.
1131 3214 1218 3277 ¹721·
1236 3197 1268 3260 in
1283 3195 1305 3256 F
1312 3217 1363 3259 An
1373 3217 1421 3258 stt
1440 3196 1675 3276 Stsotslaanalay
1689 3195 1721 3260 P.
1736 3195 1923 3264 XXXVlll.

568 3279 604 3342 C.
621 3299 668 3341 10.
684 3300 713 3359 p.
728 3297 798 3358 505.
815 3275 908 3357 dieser
927 3325 935 3341 .
959 3324 968 3340 .
990 3325 999 3341 .
1013 3275 1113 3360 seynd
1128 3277 1282 3340 landbert
1291 3271 1411 3358 effebus
1415 3275 1569 3360 supremo
1579 3279 1733 3361 putassetis
1741 3278 1796 3363 jar
1808 3277 1928 3340 dicendi
2011 3325 2019 3352 ,
2044 3289 2047 3294 ·

568 3357 607 3425 8
626 3359 765 3446 caslodioe
782 3361 882 3438 legum
901 3359 1104 3441 publicorum.
1127 3359 1175 3420 die
1192 3355 1261 3422 Wir
1270 3355 1327 3441 fiir
1339 3359 1396 3420 den
1407 3359 1529 3442 edelflen
1543 3358 1632 3422 Stein
1643 3357 1766 3438 ensem
1777 3358 1929 3428 Kaisarlr'-

568 3441 637 3504 elren
660 3441 756 3511 dion,
779 3441 842 3501 and
863 3442 961 3502 damst
976 3440 1170 3522 dergassaltm
1190 3440 1432 3502 amirmulin
1447 3437 1623 3522 narinspfet
1637 3439 1752 3514 bultem
1771 3438 1836 3525 aloss
1857 3437 1926 3503 We

575 3521 638 3585 Une
653 3523 786 3592 donnas,
810 3540 866 3581 nott
881 3541 954 3582 wem
968 3540 998 3582 er
1018 3521 1093 3582 anast
1109 3518 1296 3602 immersay,
1309 3519 1422 3602 sobng
1448 3519 1515 3584 Wir
1528 3521 1586 3582 dan
1602 3518 1800 3600 Korserlr'tlren
1824 3520 1927 3584 lirrosa

567 3605 730 3670 betretten.
754 3599 964 3682 aufkeinerley
982 3599 1074 3682 Weije
1089 3603 1292 3684 verdringen,
1318 3604 1376 3663 niel
1393 3605 1527 3683 corniger
1546 3603 1595 3664 ilie
1605 3600 1643 3684 so
1656 3601 1730 3664 holte
1738 3603 1815 3686 jura
1832 3600 1927 3663 durtii

562 3684 659 3779 solcis
672 3684 775 3764 Dirige
789 3690 908 3744 annitar
921 3684 983 3745 und
998 3683 1209 3745 unbraatlrbor
1227 3680 1349 3746 morien
1369 3677 1457 3763 loffen
1475 3683 1613 3755 wardan,
1632 3684 1735 3744 oretria
1752 3684 1848 3745 damst
1864 3684 1926 3747 stei-

565 3783 702 3930 litis
721 3762 1368 3930 liiiilll‘ttti{sinmitrii
1387 3767 1453 3906 ‘'iil''
1473 3762 1927 3926 iiiiii-iiiiii&

568 3927 774 4006 emergebant,
792 3922 857 4012 dall
868 3946 937 3988 man
953 3943 1042 3987 aanor
1054 3927 1105 3988 des
1118 3864 1211 3987 cineri
1220 3865 1301 4008 ‘ingr
1308 3889 1392 4010 stitia
1403 3925 1614 4008 Bastitania-dm
1626 3930 1783 3989 mitainem
1793 3917 1926 4006 offeffr'r·

570 4017 618 4070 ten
650 4007 819 4071 Verlraraen
837 4025 879 4069 za
901 4011 1035 4080 anserem
1062 4005 1235 4088 Inflizetser
1254 4009 1417 4087 aniringe,
1447 4008 1526 4070 scurz
1547 4007 1674 4070 hernorst
1693 4009 1782 4078 aber,
1799 4008 1863 4070 asad
1876 4005 1926 4070 este

569 4088 643 4152 noct
654 4093 718 4152 eine
730 4091 879 4150 Anamari
893 4086 1027 4171 refulgere
1039 4089 1169 4159 krinner,
1186 4089 1259 4150 oder
1269 4087 1348 4169 [onst
1363 4089 1416 4150 der
1425 4088 1577 4172 garingjia
1594 4091 1678 4150 Aula
1712 4089 1783 4150 liber
1801 4089 1926 4150 varmei·

570 4179 656 4254 gerse
669 4168 759 4252 Hillse
769 4189 812 4231 zu
823 4169 928 4251 klngen
940 4170 1069 4252 gegeben
1089 4171 1231 4240 worden,
1252 4171 1307 4230 mit
1319 4173 1413 4232 tinem
1424 4189 1516 4231 neuen
1526 4168 1606 4232 nicil
1617 4175 1666 4232 vie
1685 4171 1819 4251 armiger
1830 4171 1874 4231 alr
1884 4170 1929 4229 ei-

572 4272 610 4316 na
629 4249 924 4334 Kriagtdeclnrntion
942 4253 975 4312 in
988 4251 1047 4333 ficii
1067 4249 1272 4314 etttmltenden
1294 4247 1353 4311 Pro
1376 4251 1526 4313 Memorio
1546 4250 1656 4312 heroas
1672 4249 1784 4332 gelren,
1813 4245 1936 4330 darauf

580 4329 666 4396 Wort
683 4333 747 4394 atad
766 4328 868 4392 Werke
885 4329 1175 4412 zusammenfetzen.
1199 4330 1263 4394 und
1277 4331 1449 4413 das'enige,
1472 4331 1610 4394 snarliber
1629 4334 1685 4394 clas
1701 4328 1827 4400 Koiserl.
1848 4330 1927 4392 Ama

573 4415 741 4495 impioriret
759 4411 897 4482 wardan,
919 4411 1012 4474 durtii
1027 4414 1195 4476 nemetum
1211 4353 1426 4496 Represlalt'en,
1446 4413 1518 4484 oder
1530 4415 1587 4474 wie
1600 4432 1670 4476 mon
1682 4431 1713 4474 er
1728 4410 1874 4472 nerterlr'tla
1887 4413 1928 4471 ti·

575 4497 684 4558 taliran
704 4495 830 4562 wellen,
852 4497 936 4556 einen
957 4494 1025 4554 eben
1034 4493 1070 4576 so
1086 4497 1188 4576 manig
1201 4493 1352 4557 erloubtm
1370 4491 1574 4575 Gegenjrlsutz
1593 4495 1658 4556 arad
1670 4493 1859 4576 rator-fiunem
1870 4492 1927 4574 ja·

573 4579 620 4640 ria
637 4577 736 4660 iniqui
753 4570 1017 4658 iaraaszapraffaa
1029 4572 1133 4658 suba,
1151 4574 1228 4640 oatlt
1241 4573 1306 4660 anst
1320 4593 1351 4638 aa
1364 4574 1460 4658 dalray
1472 4573 1555 4638 stitit
1566 4574 1677 4640 blesim
1683 4575 1777 4659 sose,
1790 4569 1928 4666 sondepa

1191 4691 1194 4696 ·
1426 4713 1429 4718 .
1867 4670 1933 4717 sm
