4950 5567
493 635 758 732 naouuun
774 635 915 719 enos.
934 582 1145 721 susum
1165 631 1692 729 tauromenitanus.
1707 648 1776 728 oe.
1812 670 1880 749 555

522 821 591 886 citii
613 817 697 893 Juris
717 817 933 882 Territorialis
952 820 985 882 in
1006 817 1229 884 Ecclefiasticis
1251 821 1412 900 belismen,
1445 825 1495 888 die
1526 824 1724 909 Cathoiisclren
1743 825 1882 892 Laudes-
1922 867 1929 880 κ

520 904 644 968 Herren
660 900 742 966 nicht
755 904 800 965 im
814 900 946 984 guisiam
966 900 1168 1045 Vergundzu
1181 902 1267 966 Balsa
1312 915 1367 969 tuas
1406 906 1462 970 der
1475 905 1710 982 Jmisuistionis
1728 907 1883 974 Ecclesia·
2107 959 2125 982 „t

520 984 607 1049 sticae
624 983 696 1047 iiber
714 985 763 1047 die
783 975 999 1063 Euangeiisclre
1048 982 1228 1047 ntmhnnan
1239 984 1280 1069 fic
1314 987 1351 1049 ue
1373 1009 1410 1050 en
1423 987 1564 1055 bedienen
1584 991 1721 1064 sinaeus
1743 991 1779 1053 ln
1799 991 1882 1055 hisce
1967 1055 1970 1062 ,
2008 1037 2017 1048 ,

521 1070 606 1131 enirn
626 1066 672 1147 1.)
688 1066 796 1129 itidem
811 1064 923 1128 lllusti.
936 1066 1042 1126 Autor
1060 1083 1126 1128 non
1143 1067 1328 1148 distinguit,
1348 1081 1386 1131 ut
1405 1069 1459 1133 alii
1475 1069 1600 1143 secere,
1621 1081 1811 1153 conceptum
1824 1073 1883 1146 Ju-

519 1152 565 1214 rla
579 1149 746 1213 Sacrorum
758 1148 793 1210 iic
815 1150 897 1210 circa
909 1145 1002 1210 Sacra
1019 1165 1062 1209 ex
1078 1157 1184 1209 mente
1197 1147 1327 1213 Protesi.
1340 1159 1488 1233 tanquam
1499 1152 1583 1225 Juria
1599 1152 1784 1234 Maiestatici
1798 1153 1886 1218 Pacis

520 1229 664 1313 Wel’rph.
695 1229 815 1305 Quodsi
827 1227 986 1290 Catholici
1001 1226 1079 1290 illud
1093 1231 1180 1310 prius
1195 1230 1283 1310 quod
1296 1230 1460 1315 Episcopis
1473 1234 1552 1298 olim
1565 1237 1727 1318 proprium
1739 1246 1823 1306 erat,
1840 1254 1885 1300 ear

506 1324 681 1395 conceptu
693 1312 842 1373 Ecclefiae
854 1310 1025 1391 reliquere,
1044 1308 1078 1371 ἂ
1091 1330 1109 1369 a
1122 1309 1290 1391 posteriori
1310 1332 1355 1377 ex
1366 1312 1420 1376 sua
1432 1316 1604 1379 voluntate
1616 1318 1714 1381 libere
1729 1316 1897 1381 abstinue-¹

520 1413 578 1465 re,
601 1396 634 1457 id
649 1403 756 1455 tamen
773 1406 896 1455 certum
916 1393 992 1466 erit,
1016 1391 1063 1453 ita
1084 1390 1243 1466 subditos,
1271 1394 1347 1457 dum
1370 1394 1540 1479 Imperium
1558 1395 1810 1462 Ecclesiasticum
1830 1407 1884 1461 te·

521 1479 593 1541 nuit
609 1474 802 1557 Episcopus,
822 1492 883 1547 eo,
905 1490 971 1555 quo
993 1482 1138 1556 tempore
1157 1473 1324 1538 Catholica
1341 1474 1432 1540 Fides
1452 1480 1487 1542 in
1504 1477 1673 1546 Germania
1694 1481 1794 1546 Unica
1815 1485 1884 1541 erat

520 1559 668 1641 Religio,
689 1576 756 1619 non
777 1554 866 1618 suilla
888 1555 1007 1636 absque
1026 1554 1198 1635 regimine,
1217 1556 1293 1619 hinc
1309 1575 1371 1621 nec
1392 1558 1661 1643 independenter,
1682 1562 1769 1625 nulla
1784 1561 1883 1643 igitur
1983 1629 1986 1636 ¹

521 1640 666 1708 Domino
678 1638 849 1703 Territorii
869 1635 1038 1700 metuenda
1053 1635 1158 1710 mala,
1178 1639 1267 1720 quod
1281 1648 1387 1704 tamen
1403 1639 1501 1706 hodie
1519 1646 1652 1707 omnino
1674 1643 1884 1728 deprehendi·

522 1736 577 1789 tur
593 1726 626 1787 in
643 1722 771 1785 subditis
785 1721 825 1784 A.
839 1717 874 1783 C.
888 1718 984 1799 iuxta
997 1718 1067 1780 illas
1087 1718 1266 1795 dostrinas,
1293 1721 1369 1786 dum
1388 1722 1531 1788 Domino
1551 1724 1723 1789 Catholieo
1742 1743 1808 1787 non
1826 1743 1882 1805 pa-

523 1818 635 1878 reant,
655 1803 706 1867 sed
728 1805 773 1866 ita
791 1802 900 1884 potius
922 1799 1035 1863 subditi
1047 1800 1175 1881 absque
1191 1799 1312 1865 summo
1327 1803 1487 1885 Imperio,
1516 1804 1551 1869 &
1566 1818 1672 1869 tamen
1695 1810 1727 1870 in
1750 1807 1884 1869 civitate

523 1888 643 1952 intuitu
655 1885 832 1965 Religionis
846 1884 959 1944 vivere
971 1882 1109 1956 debent,
1138 1883 1171 1946 in
1185 1883 1299 1963 quibus
1313 1885 1552 1951 circumstantiis
1564 1887 1733 1971 imperanti
1746 1908 1783 1950 ea
1796 1906 1883 1961 cura,

525 1988 598 2051 quae
614 1965 752 2049 respePtu
770 1964 954 2028 Securitatis
975 1961 1130 2038 Publicae,
1157 1964 1241 2027 circa
1264 1964 1462 2047 Religionem
1479 1989 1524 2032 ex
1545 1968 1707 2054 Principiis
1725 1968 1808 2043 Juris
1823 1987 1884 2050 pu·

523 2052 600 2114 blici
613 2046 796 2113 universalis
809 2047 886 2108 alias
898 2046 1073 2127 competit,
1093 2055 1212 2109 temere
1224 2044 1367 2110 aufertur
1380 2067 1439 2111 nec
1450 2048 1559 2113 Status
1572 2071 1616 2114 ex
1626 2051 1697 2133 post
1711 2053 1771 2115 erit
1786 2051 1883 2122 idem,

525 2135 677 2198 utiantea
689 2131 742 2192 sub
759 2128 921 2211 Episcopis
939 2126 1082 2200 securus,
1102 2125 1168 2188 hoc
1185 2129 1286 2190 modo
1310 2148 1391 2194 vero
1412 2129 1481 2212 Ipse
1493 2130 1737 2206 rebellionibus,
1767 2130 1885 2195 Turbis

527 2235 566 2277 ac
581 2211 727 2293 perverso
746 2214 853 2274 animo
871 2209 1037 2271 hominum
1054 2209 1247 2290 exponitur,
1269 2228 1341 2354 Ῥω
1356 2212 1460 2275 miuus
1484 2214 1598 2276 metuit
1614 2213 1718 2296 olim,
1742 2231 1814 2278 oum
1836 2213 1887 2276 di·

526 2297 668 2360 restioue
693 2294 764 2355 usus
790 2302 858 2355 erat
880 2290 1065 2373 Episcopus.
1121 2290 1242 2354 Deinde
1263 2291 1326 2368 Ι.)
1342 2293 1503 2357 nobiscum
1524 2293 1732 2358 Perillustrern
1746 2294 1886 2360 Cancell.

526 2374 789 2461 perindireitum
814 2370 874 2435 esse
897 2373 1100 2445 unanimem,
1121 2361 1197 2434 licit
1219 2374 1328 2437 verbis
1347 2374 1473 2438 differre
1489 2377 1650 2450 videatur,
1680 2397 1724 2440 ex
1741 2375 1801 2439 hac
1814 2376 1888 2438 data

527 2460 672 2524 instantia
685 2466 790 2539 patet,
816 2456 994 2536 quicunque
1012 2453 1045 2516 in
1063 2454 1221 2536 prioribus
1235 2458 1431 2536 temporibus
1445 2455 1571 2529 Juribus
1585 2460 1668 2521 circa
1685 2458 1778 2522 Sacra
1794 2457 1889 2538 gavi·

529 2540 580 2604 sus
599 2540 678 2610 suit,
699 2538 753 2600 ille
769 2538 885 2616 vigore
906 2537 940 2617 §.
957 2555 985 2598 1.
999 2534 1076 2599 Art.
1091 2534 1186 2598 VIII.
1204 2535 1365 2600 restitutus
1383 2538 1465 2610 suit,
1489 2550 1521 2602 at
1545 2541 1577 2603 ui
1589 2539 1684 2621 juxta
1697 2541 1730 2619 s.
1751 2536 1886 2621 praeced.

529 2622 661 2688 Domini
671 2617 891 2682 Territoriales
911 2617 1068 2680 Catholici
1084 2617 1116 2679 in
1132 2614 1300 2680 Exercitio
1318 2617 1400 2689 Juris
1420 2622 1500 2682 circa
1520 2558 1613 2685 §acra
1635 2630 1709 2684 ante
1723 2620 1889 2683 Reforma-

530 2706 654 2768 tionem
669 2710 758 2764 certo
771 2699 911 2781 respestu
924 2703 1108 2763 extiterant.
1149 2697 1187 2761 E.
1203 2718 1259 2780 per
1272 2697 1515 2764 Instrumentnm
1529 2701 1617 2766 Pacis
1635 2713 1766 2765 eatenus
1780 2701 1890 2785 plena·

531 2788 577 2851 rie
589 2786 658 2847 sunt
668 2785 816 2846 restituti:
840 2783 876 2845 ln
883 2801 956 2926 ppou
966 2788 1155 2862 argumento
1166 2779 1381 2861 objebtionem
1390 2782 1455 2847 Cel.
1467 2783 1504 2847 D.
1516 2783 1637 2848 Estoris
1649 2784 1718 2858 Jcti
1729 2784 1889 2862 Marburg.

532 2869 662 2932 minime
685 2883 849 2937 curamus,
914 2866 1103 2926 ridentinnm
1130 2861 1263 2924 Novum
1288 2864 1416 2926 dubium
1432 2864 1562 2948 desuper
1584 2866 1732 2947 injicere,
1762 2863 1889 2927 sienim

531 2951 603 3015 sunt
626 2967 737 3010 omnes
753 2945 787 3009 br
808 2946 920 3027 singuli
934 2945 1042 3009 Status
1063 2943 1200 3026 plenarie
1219 2943 1374 3025 restituti!
1413 2944 1519 3010 Etiam
1540 2959 1652 3010 contra
1666 2944 1889 3018 interimistica,

532 3032 604 3096 sunt
617 3031 770 3102 restituti,
788 3031 936 3108 qnoniam
952 3043 987 3089 ea
1007 3025 1051 3088 el’r
1065 3040 1174 3086 natura
1187 3027 1394 3090 restitutionis
1409 3028 1440 3089 in
1455 3030 1612 3110 integrum
1628 3069 1638 3100 ,
1660 3040 1696 3090 ut
1712 3030 1751 3088 ad
1764 3027 1890 3090 initium
1935 3053 1941 3060 ·

533 3113 623 3178 eiius
636 3112 742 3174 laesum
765 3128 875 3172 revera
896 3109 1034 3172 reducat.
1079 3105 1157 3183 lli.)
1175 3105 1268 3169 Plane
1287 3126 1352 3169 non
1370 3106 1430 3169 esse
1444 3112 1562 3172 rationi
1579 3109 1778 3172 conformem
1804 3107 1891 3170 illam

533 3196 743 3277 opinionem,
766 3190 940 3253 Catholicis
960 3192 992 3253 in
1016 3188 1086 3251 solo
1109 3186 1184 3259 Jure
1207 3188 1398 3251 reformandi
1425 3189 1598 3254 testritiive
1619 3191 1675 3264 Jus
1702 3192 1783 3251 circa
1798 3189 1893 3251 Sacra

536 3285 733 3358 competere,
756 3295 800 3336 ex
815 3272 942 3337 historia
965 3271 1047 3334 enim
1064 3284 1210 3331 motuum
1236 3272 1400 3350 religionis
1412 3269 1446 3331 ἃ
1458 3270 1704 3334 Reformationis
1720 3271 1752 3333 id
1766 3270 1890 3333 verissi-

536 3378 623 3422 mum
642 3356 696 3420 est.
738 3354 924 3417 Catholicos
938 3373 1003 3415 non
1015 3348 1216 3422 reformasse,
1237 3370 1296 3412 nec
1309 3352 1508 3433 Religionem
1523 3351 1671 3425 mutasse,
1693 3353 1844 3432 quoniam
1858 3353 1893 3414 iu
1938 3393 1942 3400 ·

504 3501 506 3507 ·
537 3435 953 3584 trististristis?
968 3431 1894 3594 resilitisilil³l‘li‘stsiitl‘lsl‘lt,illu

538 3601 732 3664 vocabulum
754 3598 945 3660 reformandi
969 3608 1116 3676 tanquam
1141 3594 1282 3674 regulam
1303 3596 1500 3676 respicimus,
1530 3591 1622 3678 plane
1646 3595 1724 3658 nihil
1744 3592 1895 3675 accepisse

538 3683 622 3758 Juris
639 3685 719 3744 circa
734 3679 826 3743 Sacra
839 3678 1043 3750 Catholicos,
1064 3674 1309 3739 Proteltantibus
1322 3678 1400 3740 illud
1421 3678 1463 3740 ob
1477 3678 1607 3740 Annum
1618 3676 1790 3741 normalem
1802 3694 1896 3737 ener·
1999 3699 2002 3708 ·

539 3764 711 3834 vantibus,
730 3758 893 3823 necessaria
911 3759 1132 3839 consequentia
1150 3756 1304 3837 sequitur,
1325 3778 1366 3819 ne
1388 3777 1469 3821 vero
1490 3761 1554 3822 tale
1569 3758 1761 3821 eontrarium
1776 3774 1896 3819 conce·

541 3849 673 3917 damus,
691 3842 769 3905 illud
789 3843 858 3905 Paci
873 3841 1095 3921 Westphalicae
1110 3840 1219 3920 potius
1240 3838 1283 3901 est
1304 3838 1566 3909 consentaneum,
1591 3840 1656 3902 illis
1671 3837 1743 3918 ipsis
1764 3840 1896 3903 eandem

542 3925 798 4003 iurisdiitionem
815 3923 1055 3985 Ecclefiasticam
1075 3919 1209 3983 concedi
1226 3921 1357 3994 debere,
1388 3940 1479 4001 quam
1499 3922 1531 3983 in
1553 3919 1616 3982 suae
1635 3920 1811 4002 Religionis
1827 3919 1900 3981 sub·

543 4012 631 4072 ditos
647 4007 755 4069 Status
771 4005 977 4085 protestantes
992 4011 1161 4071 exercent,
1190 4000 1222 4062 id
1242 4002 1326 4082 quod
1346 4020 1388 4064 eo
1405 4002 1505 4082 magis
1517 4019 1631 4064 verum
1643 4004 1722 4073 erit,
1744 4000 1833 4072 sajus
1849 4019 1899 4062 re·

544 4088 702 4156 formandi
720 4089 763 4148 ob
779 4087 904 4149 Annum
921 4086 1093 4146 normalem
1112 4080 1226 4154 cellat3
1261 4082 1338 4145 nihil
1359 4085 1403 4146 ita
1423 4085 1505 4146 circa
1529 4081 1622 4148 Sacra
1644 4081 1727 4156 Juris
1750 4079 1900 4163 superesse

544 4171 687 4238 Domino
708 4166 892 4236 Territorii.
923 4168 997 4229 licet
1024 4166 1233 4228 Proteliantes
1260 4163 1373 4228 subditi
1396 4179 1561 4247 propterea
1585 4164 1689 4228 adhue
1709 4173 1901 4233 remaneant,

546 4252 697 4334 qnoniam
715 4250 860 4312 adversus
877 4250 932 4322 Jns
952 4243 1187 4310 reformandi&
1205 4246 1304 4329 igitur
1322 4266 1450 4312 ornnem
1462 4246 1687 4333 nspettionen
1705 4263 1761 4328 per
1772 4244 1902 4320 Annum

549 4331 725 4401 normalem
744 4333 806 4396 tuti
827 4332 924 4397 essent
941 4330 999 4397 illi.

1171 4710 1235 4782 Aa
1253 4728 1298 4781 aa
1326 4728 1347 4779 a
1759 4708 1791 4801 ς.
1806 4677 1915 4784 sixti.
