4950 5567
502 641 606 740 τος,
953 624 1531 734 orssrnrarro

497 845 532 893 er
548 815 626 905 [tine
641 811 762 886 Frtunrl
775 809 837 882 aad
853 810 961 900 Helfer
976 812 1069 881 baben
1085 833 1173 903 mag,
1199 807 1307 892 (orches
1322 809 1522 881 arenearum
1539 831 1579 878 aa
1604 803 1844 901 cbarft'ivstem
1872 801 1989 890 fiirllta

499 920 562 988 and
580 916 714 985 standan
729 913 780 980 aas
793 910 900 978 Reicls
914 912 966 977 des
987 909 1116 1000 Wtffens
1133 932 1172 982 zu
1186 909 1297 986 baben,
1321 905 1585 995 auszustlrreibcn,
1617 913 1685 975 und
1704 931 1751 981 zu
1772 905 1991 994 verkfiadiger.

497 1019 541 1084 aa
557 1011 643 1095 {alen
664 1009 739 1078 auch
755 1004 898 1091 diesellen
917 1010 1152 1096 Beltbaedtgten,
1176 1006 1242 1072 ihre
1260 1009 1291 1078 V
1290 1007 1470 1074 etwandrea
1484 1007 1547 1073 und
1564 1005 1675 1094 Helser
1691 1003 1797 1074 durch
1817 1000 1916 1086 [arche
1936 1003 1992 1069 abre

498 1110 671 1199 belabehtne
690 1105 900 1195 Gegenwebr,
928 1104 1373 1194 Verlrlgungundllandlvng,
1386 1124 1436 1172 we
1449 1103 1741 1193 dieBeltbadtgvng
1759 1101 1993 1167 odtvFritdeat·

496 1207 587 1276 brach
605 1203 687 1285 band
702 1202 765 1270 und
777 1199 927 1287 offenbar,
952 1203 1024 1269 tter
1035 1202 1095 1288 βα)
1110 1201 1263 1267 nacbmals
1280 1198 1412 1288 erfindr,
1438 1202 1469 1267 in
1485 1200 1568 1285 brine
1578 1203 1645 1267 ran
1655 1199 1823 1290 gestella,
1849 1197 1936 1265 nicht
1946 1217 1992 1284 ga

497 1303 639 1382 fre-velt,
662 1299 734 1368 ntclr
748 1302 873 1366 cladrim
887 1298 1016 1366 icltwat
1031 1296 1185 1381 verwirltt
1199 1294 1302 1364 laben.
1353 1293 1391 1361 ld
1408 1294 1499 1387 quod
1516 1297 1550 1363 in
1566 1298 1649 1364 Pace
1668 1290 1816 1390 publica
1836 1291 1991 1383 Augulla·

498 1421 541 1469 na
557 1395 599 1467 de
615 1419 668 1465 an.
689 1403 792 1481 ¹548·
807 1388 838 1488 b.
856 1416 887 1482 3.
906 1394 1310 1484 cammergeritbtsordnvng
1328 1392 1364 1460 P.
1379 1393 1443 1459 Ill.
1460 1394 1533 1461 Tit.
1543 1405 1601 1477 48.
1618 1390 1653 1461 ἃ
1669 1416 1733 1477 49.
1745 1387 1989 1485 repetitum&

499 1491 604 1572 illud,
629 1490 719 1587 quod
741 1492 782 1559 de
799 1484 979 1582 prohibitis
993 1484 1124 1558 arrestis
1142 1485 1175 1557 ἃ
1195 1488 1257 1556 viia
1273 1481 1352 1556 falli
1367 1487 1403 1556 in
1424 1484 1496 1557 aliis
1511 1490 1652 1584 Imperii
1676 1484 1840 1578 legibus,
1871 1488 1907 1555 in
1927 1481 1988 1576 spa·

500 1591 552 1662 cic
572 1610 682 1659 aurem
701 1587 736 1655 in
755 1580 891 1656 Recellu
907 1587 995 1682 Imp.
1008 1584 1050 1657 de
1069 1608 1120 1656 an.
1141 1606 1246 1672 ¹570·
1258 1580 1489 1677 improbatur,
1514 1583 1550 1653 id
1567 1587 1600 1653 in
1616 1580 1762 1656 Receffu
1779 1582 1926 1679 lmp.‹le
1938 1606 1984 1654 tn.

504 1708 609 1776 1594.
624 1705 662 1754 ea
677 1682 806 1753 ratione
821 1679 1025 1764 declaratur,
1050 1701 1088 1751 ut
1101 1677 1220 1751 abusus
1237 1679 1421 1771 alegitimo
1438 1677 1498 1751 usu
1516 1677 1736 1752 discernatur.
1772 1682 1831 1754 cit.
1864 1678 1984 1769 Μό-

499 1779 752 1875 ltngsstbrtilm,
778 1776 866 1874 apud
881 1779 1080 1850 Faunum
1106 1776 1126 1846 l.
1142 1801 1172 1850 c.
1189 1801 1222 1872 p.
1242 1788 1320 1864 589.
1338 1772 1369 1846 se
1395 1824 1405 1845 .
1458 1780 1544 1848 Cum
1567 1780 1672 1869 igitur
1695 1777 1780 1850 laeso
1798 1799 1919 1848 contra
1938 1775 1981 1845 lc·

500 1877 634 1950 dentem
649 1873 681 1946 ἃ
699 1873 895 1945 violatorem
916 1874 1006 1970 pacis
1017 1871 1169 2040 publicar
1189 1875 1242 1945 via
1268 1867 1346 1944 fatti
1365 1800 1403 1942 ibt
1423 1871 1576 1968 permilla
1594 1923 1603 1958 ‚
1625 1873 1719 1947 fic&
1741 1869 1907 1973 permilla
1925 1876 1978 1944 erit

502 1995 618 2047 contra
632 1970 829 2043 violatorem
845 1974 936 2065 paeia
951 1976 1014 2042 We
1043 1971 1133 2067 phul.
1151 1972 1185 2039 in
1201 1965 1301 2041 caulas
1329 1969 1510 2061 religionis.

616 2071 713 2138 Vlll.
742 2071 779 2136 ln
802 2066 874 2136 aliis
897 2065 1018 2152 causta,
1043 2067 1223 2163 nequidem
1246 2065 1506 2139 inestimabilem
1526 2067 1700 2159 religionis
1717 2089 1895 2159 gemmam
1911 2090 1973 2138 ton·

500 2162 731 2247 cernentibus,
757 2159 812 2234 scd
826 2162 925 2253 longe
940 2164 1079 2235 minoris
1094 2166 1276 2243 momenti,
1302 2165 1337 2234 in
1354 2163 1474 2259 quibua
1496 2168 1595 2237 ctiam
1611 2168 1811 2259 Imperator
1825 2159 1971 2236 Officium

500 2262 629 2431 pudicis
644 2264 857 2353 interponere
871 2282 1013 2344 tenetur,
1028 2283 1137 2332 tamen
1154 2263 1362 2355 permittitur
1378 2259 1510 2333 statibus
1528 2258 1671 2332 facultas
1674 2264 1841 2429 propriis
1858 2259 1971 2332 viribus

517 2382 557 2429 na
576 2357 651 2452 jura
677 2357 708 2428 ἃ
731 2356 897 2426 libertates
920 2357 1033 2427 tuendi
1052 2364 1125 2427 Art.
1143 2362 1238 2427 Vlll.
1256 2358 1434 2452 capitular.
1451 2356 1606 2429 Caesarcae
1625 2363 1657 2427 in

485 2454 549 2550 sall
563 2462 657 2525 tinem
669 2460 757 2545 jalen
777 2454 993 2541 chursiirsten,
1019 2455 1144 2537 Fr‘t'rffen
1160 2458 1221 2523 und
1236 2459 1505 2526 Scinden'erlault
1517 2456 1602 2546 seyr,
1622 2456 1688 2545 fieb
1710 2461 1777 2525 and
1795 2459 1850 2524 die
1868 2460 1971 2547 Seirigr

495 2555 608 2643 {eliber
622 2550 818 2648 (rinbefugttr
835 2547 941 2644 zulte)
961 2553 1175 2634 Befilrmerden
1191 2551 1294 2639 (abst,
1319 2553 1351 2639 [a
1364 2574 1422 2642 gur
1438 2578 1469 2620 tr
1482 2555 1578 2639 kann,
1606 2577 1647 2626 zu
1669 2556 1850 2644 meledigen
1865 2557 1926 2621 aad
1938 2574 1970 2625 za

495 2650 639 2742 befreytn.
656 2649 689 2719 lit
706 2655 777 2718 Art.
794 2650 867 2718 XV.
884 2649 919 2715 in
935 2646 1058 2716 verbis:
1081 2648 1230 2737 immaffen
1245 2651 1325 2716 darn
1340 2652 1414 2717 anch
1433 2651 1640 2737 clrursiirllen,
1663 2649 1796 2736 Fr'irsten
1812 2654 1879 2717 arud
1894 2655 1971 2720 Stin·

495 2750 554 2817 alen
569 2746 735 2838 zagtlrffen
750 2747 812 2814 und
825 2747 942 2812 erlaubt
956 2744 1019 2832 (eyn
1032 2745 1095 2830 soll,
1114 2747 1171 2829 fich
1187 2749 1234 2833 bey
1251 2749 1335 2813 ibren
1350 2747 1579 2835 bergebratbten
1595 2749 1833 2815 vnd'lrrhenden
1851 2749 1971 2815 Laudes·

491 2845 598 2936 fiirstl.
621 2849 682 2911 und
703 2843 863 2910 berrlulen
883 2842 999 2927 juribus
1018 2841 1140 2928 [ellstan
1163 2845 1224 2910 und
1240 2846 1294 2908 mit
1312 2842 1456 2933 Affistenz
1480 2845 1533 2910 der
1553 2843 1781 2911 Benaclrbarten
1798 2846 1904 2912 wider
1916 2846 1970 2911 ibrt

499 2944 712 3011 llntertbrncn
727 2964 765 3012 zu
783 2944 1011 3006 manturanen:
1039 2938 1187 3032 adeoque
1205 2936 1355 3007 desumto
1372 2962 1566 3029 argumento
1582 2963 1599 3006 a
1617 2940 1741 3007 minori
1757 2938 1801 3010 ad
1820 2939 1927 3032 majus
1939 2941 1965 3007 in

494 3035 595 3109 causta
623 3036 793 3126 religionis
820 3029 959 3102 facultas
985 3031 1041 3102 fibi
1068 3034 1345 3130 prospiciendi&
1370 3035 1541 3107 exercendi
1568 3033 1788 3131 Reprellalias
1818 3038 1887 3107 erit
1904 3058 1969 3133 per·

430 3162 472 3208 ο
495 3130 597 3203 mill'a.

614 3232 671 3298 IX.
698 3223 907 3320 Reprellaliae
933 3228 965 3295 in
990 3225 1088 3297 caulis
1107 3227 1278 3318 religionis
1295 3226 1384 3322 quast
1399 3253 1459 3324 per
1476 3225 1715 3298 observantiam
1734 3224 1813 3296 sunt
1829 3228 1969 3300 introclu-

355 3384 361 3392 .
495 3324 571 3405 lla,
593 3349 668 3393 cum
690 3346 799 3394 extent
821 3349 886 3391 non
903 3319 1007 3393 solum
1023 3325 1188 3421 exempla,
1216 3326 1305 3418 quod
1325 3330 1411 3393 inter
1427 3323 1514 3419 ipsos
1530 3323 1720 3395 catholicos
1737 3318 1873 3395 fuerint
1887 3350 1968 3396 erer-

493 3428 600 3495 citatte
623 3426 688 3512 b),
722 3420 776 3489 sed
802 3417 834 3490 ἃ
861 3418 1030 3492 ΕΙείὶοτεε
1047 3420 1294 3511 Brundenburg.
1319 3421 1349 3490 ὅ(
1373 3426 1636 3492 Hannoveranut
1664 3418 1851 3490 secundum
1877 3421 1967 3517 supra

491 3541 673 3588 memorata
690 3517 900 3586 adhibuerint
918 3540 1071 3609 tanquam
1090 3517 1342 3585 saluberrimum
1358 3519 1541 3587 remedium
1558 3519 1632 3612 jura
1647 3520 1909 3598 manutenendi,
1935 3517 1964 3588 bt

469 3612 618 3708 ¹jullitiae
634 3639 669 3683 ac
685 3614 804 3706 judicis
819 3609 928 3681 officio
944 3611 1070 3683 ferendi
1090 3612 1273 3708 supponam
1300 3617 1379 3708 quin
1399 3619 1620 3708 lmperatnres
1648 3636 1809 3705 tanquam
1836 3613 1963 3709 injullas

491 3710 740 3804 exprobrarin13
768 3708 808 3779 lic
829 3712 861 3779 in
886 3707 984 3802 pallo
1008 3710 1178 3799 religionis
1201 3707 1293 3778 causa
1318 3711 1425 3802 quoad
1446 3716 1613 3781 Ducatum
1636 3708 1865 3804 Juliacensem
1888 3716 1962 3783 inito

489 3812 577 3880 inter
599 3804 786 3875 Eletlorem
809 3805 1058 3896 Brandenburg.
1086 3806 1117 3875 bt
1142 3811 1271 3876 Ducem
1294 3805 1570 3896 Neoburgeul'ctn
1597 3814 1697 3893 1673.
1724 3814 1799 3874 Art.
1826 3812 1885 3876 xl.
1907 3812 1962 3876 Re·

488 3900 715 4002 prellaliarum
737 3903 811 3972 ulus
832 3905 866 3970 in
889 3898 962 3972 casu
988 3906 1266 3972 contraventionis
1289 3900 1433 3994 exprclle
1456 3901 1627 3997 stipulatus
1649 3900 1733 3973 fuit:
1757 3901 1832 3995 jam
1857 3927 1961 3975 autem

487 3997 512 4073 fi
528 4020 641 4077 contra
656 3999 744 4090 leges
760 4000 898 4094 lrnperii
915 3993 1027 4069 forent
1046 3997 1264 4095 Reprcllaliae,
1282 3999 1312 4069 ἃ
1330 4000 1525 4070 violationes
1536 4000 1663 4095 jurium
1680 3997 1959 4092 maiestaticorum

1805 4167 1819 4187 ‚
1855 4100 1959 4193 lmpe·

374 4257 379 4262 ·
511 4230 559 4304 l)
583 4226 741 4291 Notabilis
761 4222 1016 4303 Reptellnlinrum
1038 4226 1154 4307 species
1174 4224 1328 4305 allegatur
1350 4228 1382 4285 in
1400 4225 1465 4286 tlem
1494 4223 1660 4309 Vorstcllrm
1684 4222 1852 4308 ssclrreiben
1874 4229 1958 4291 auca

597 4307 800 4387 Prorejlonltn
813 4323 881 4366 vom
897 4309 944 4368 16.
958 4307 1098 4370 Novtmb.
1115 4325 1201 4389 ¹7²0·
1220 4308 1250 4367 in
1266 4307 1376 4369 Faunr
1393 4306 1636 4388 Slaoltlnnzlty.
1659 4243 1690 4369 g.
1706 4327 1759 4389 37.
1774 4328 1804 4389 p.
1820 4309 1891 4385 608.
1905 4309 1954 4370 lci-

594 4391 689 4459 licet,
721 4386 828 4467 qood,
859 4385 1082 4451 srEleclorem
1108 4389 1328 4452 coloniensem
1358 4390 1439 4450 inter
1463 4387 1497 4450 tle
1526 4391 1665 4469 regimen
1686 4388 1863 4460 Julincense
1887 4393 1952 4453 liter

594 4470 710 4531 fuerint
724 4478 843 4538 enatat,
865 4467 1028 4531 lllonachis
1050 4469 1289 4534 Colonienlrbus
1310 4468 1459 4533 collectio
1474 4469 1652 4532 elemofinae
1667 4488 1723 4551 per
1743 4470 1877 4533 modurn
1896 4471 1951 4533 lle·

592 4547 799 4693 peress'aliarum
820 4552 937 4614 tamdiu
955 4552 1113 4635 prohibita
1128 4552 1225 4620 luerit
1239 4573 1257 4617 a
1273 4553 1427 4637 regimine
1441 4549 1626 4629 Juliacenll,
1646 4554 1755 4617 donec
1767 4552 1897 4618 sublatae
1910 4549 1951 4613 es·

625 4639 660 4692 ut
677 4630 912 4698 controversiae.

1688 2358 1899 2429 ormalibus:
1921 2360 1971 2427 etl
2008 2403 2010 2416 ·
