4950 5567
418 2767 428 2782 ι
562 2681 599 2740 0

591 603 675 701 -678
1053 575 1637 666 urssuurarto

590 772 792 874 adsidam,
815 767 915 844 varie
927 766 1099 862 religionis
1113 768 1236 841 iutuitu
1251 757 1424 835 discordie
1438 751 1612 832 fervebant
1635 757 1695 857 p),
1720 751 1846 851 Legati
1859 754 2067 833 Braudeubur·

603 878 719 970 gitua,
741 865 1137 959 Brunsvico·Luneburg
1165 857 1315 937 &Haslo
1344 853 1534 930 Caslelanua
1555 861 1590 928 iu
1614 859 1764 930 comitiis
1791 854 2071 938 declaramus

602 969 750 1046 tollenda
765 964 924 1064 praetensa
939 965 1220 1036 hurGravamina
1233 983 1297 1057 per
1310 957 1451 1029 modum
1461 952 1742 1051 Represlasiarum
1757 974 1885 1023 omnes
1897 954 2073 1028 redimact·

602 1067 809 1141 tholicorum
823 1066 858 1133 in
874 1064 972 1134 terris
989 1058 1127 1132 suorum
1143 1060 1360 1131 dominorum
1376 1049 1584 1124 arreslandoa
1599 1048 1682 1133 esse,
1706 1051 1744 1120 id
1759 1049 1860 1145 quod
1879 1050 1918 1124 dr
1937 1075 2001 1150 per
2012 1054 2074 1123 cta·

603 1160 731 1238 elusum
745 1157 786 1232 fic
803 1158 886 1230 dicti
900 1161 1064 1254 Corporis
1077 1155 1268 1250 Evangelia.
1286 1157 1407 1225 ratu
1433 1205 1439 1217 .
1454 1175 1557 1244 1712.
1570 1145 1813 1223 confirmatum
1826 1141 1899 1222 fuit
1922 1153 1976 1243 q).
1998 1150 2075 1242 Qu'e

602 1262 653 1338 vit
672 1258 786 1355 aliquo
803 1279 870 1328 tem
897 1278 957 1327 ore
978 1251 1257 1351 Represlaliatum
1281 1173 1483 1347 tetupeslas,
1514 1242 1628 1320 sorsau
1650 1267 1690 1319 ut
1714 1243 1955 1339 majoricam
1971 1247 2078 1346 impeta

603 1351 752 1440 seviret3
775 1280 931 1426 omatibus
952 1355 1054 1425 enim.

720 1490 784 1558 Vl.
813 1486 901 1556 Noti
924 1481 998 1556 sunt
1022 1505 1152 1564 motus,
1175 1478 1264 1553 Anni
1286 1499 1389 1569 1719.
1415 1472 1450 1545 dr
1474 1493 1579 1566 17202
1605 1467 1774 1546 occasione
1798 1469 2021 1548 dissidiorum
2036 1477 2081 1552 lle

605 1582 743 1676 ligiouia
757 1581 852 1654 causa
866 1585 953 1651 inter
971 1577 1161 1652 Eleslorem
1179 1577 1365 1649 Palatinum
1384 1571 1544 1642 Catulum
1560 1570 1777 1737 Philippum,
1807 1572 1845 1645 dr
1860 1575 1941 1669 ejus
1955 1571 2082 1648 subditur

497 1729 499 1734 -
607 1676 652 1752 tc
666 1677 773 1750 disloa
788 1674 1001 1748 Reformatos
1016 1699 1192 1749 enatorum
1208 1672 1383 1745 concitatis
1401 1665 1525 1739 scilicet
1540 1668 1639 1738 Ecrle
1653 1693 1683 1738 ta
1696 1671 1730 1739 S.
1738 1671 1897 1766 Spiritus
1911 1674 1951 1741 su
1964 1673 2084 1746 Civiutt

599 1775 851 1867 Heidelberg,
874 1777 928 1845 cui
944 1797 1005 1871 per
1019 1797 1138 1845 novam
1158 1767 1390 1843 fundationem
1408 1767 1594 1861 aRuperto
1611 1766 1711 1836 Palat.
1727 1767 1824 1859 Rege
1842 1770 2085 1842 Germanaem

608 1871 762 1968 junslum
785 1870 853 1943 fuit
879 1871 1059 1963 collegium
1085 1872 1332 1942 canonicorum
1357 1859 1556 1935 universitati
1577 1860 1799 1956 Heidelberg.
1815 1867 1961 1938 unitum
1987 1863 2085 1960 a),al

610 1967 700 2042 hisce
717 1965 918 2065 potissimum
934 1969 1142 2064 temporibus
1157 1963 1350 2038 inservierat
1362 1958 1540 2031 comitibus
1557 1959 1656 2060 salat.
1666 1962 1839 2031 Rhenanis
1857 1961 2086 2056 Heidelberge

611 2066 692 2137 aliaa
708 2066 819 2140 sedem
836 2064 1047 2163 &palatium
1066 2062 1161 2136 suum
1179 2066 1214 2132 in
1232 2063 1354 2135 vicinia
1374 2054 1470 2129 disse
1484 2054 1632 2129 Ecclesiae
1653 2056 1856 2133 habentibus
1876 2085 1951 2159 pro
1964 2059 2087 2133 Ecclda

2003 2157 2090 2230 auliu
2119 2247 2121 2262 Ι

653 2326 696 2410 p)
714 2323 758 2391 Vi
773 2326 845 2390 initi
859 2323 920 2391 An.
936 2325 1025 2408 1651.
1039 2323 1124 2386 iuter
1136 2323 1214 2386 dura
1230 2322 1329 2386 lineet
1342 2321 1518 2406 Principum
1530 2319 1687 2386 Nassovio
1700 2319 1892 2402 siegeusium
1906 2321 2091 2389 Catbolsoau

731 2406 767 2469 dr
788 2406 830 2469 sie
845 2407 959 2471 dissum
976 2405 1179 2468 reformatam
1198 2404 1344 2469 Recesl'ua
1362 2405 1535 2469 Catholicis
1554 2405 1785 2466 coexercittuta
1802 2404 1870 2465 suae
1887 2406 1949 2469 reli
1974 2407 2092 2472 souislu

731 2490 864 2552 civitate
878 2488 1007 2570 siegensi
1023 2486 1085 2549 suit
1099 2486 1290 2568 stipulatum.
1313 2489 1375 2553 An.
1393 2505 1483 2570 ¹7¹2·
1501 2486 1659 2548 solennem
1677 2482 1803 2547 insesso
1819 2485 1984 2570 Corporis
1997 2488 2094 2556 chaat

731 2588 822 2633 more
836 2569 988 2634 haetenus
1002 2579 1131 2650 recepto
1147 2567 1375 2634 Proreslaouem
1389 2569 1529 2632 dusiuria
1542 2565 1716 2629 Catholicis
1732 2567 1882 2650 princepe
1896 2570 1995 2633 lium
2006 2570 2047 2634 stc
2056 2574 2095 2636 di·

730 2651 793 2715 trae
813 2652 994 2714 reformate
1015 2650 1150 2712 inhibuit
1166 2649 1327 2714 transitum
1343 2670 1400 2733 per
1416 2651 1551 2732 plateam
1567 2653 1630 2713 arci
1650 2648 1713 2710 sum
1733 2649 1894 2724 vicinam,
1922 2671 2030 2734 eoque
2044 2651 2096 2718 tas

736 2731 879 2798 custodia
894 2733 1033 2795 munivit
1047 2731 1166 2793 aditum
1182 2732 1313 2813 plateae,
1332 2752 1389 2814 per
1407 2751 1499 2813 quam
1515 2742 1619 2792 tamen
1635 2729 1787 2794 hedenus
1800 2729 1900 2795 auus
1913 2732 2022 2797 suerat
2032 2754 2095 2817 pro·

735 2814 849 2878 celsior
870 2816 1031 2877 oriebatur
1045 2811 1105 2875 hac
1122 2811 1290 2874 occasione
1302 2816 1385 2876 inter
1398 2814 1515 2874 milites
1530 2812 1678 2894 principia
1697 2811 1892 2876 Proceslioui
1919 2815 2096 2880 catholieo·

735 2914 806 2957 rum
823 2896 967 2957 violente
984 2895 1013 2955 se
1026 2904 1226 2974 opponentes
1245 2915 1287 2955 ex
1302 2914 1380 2966 una,
1403 2893 1436 2956 dr
1450 2896 1531 2957 inter
1552 2894 1667 2955 milites
1685 2895 1792 2955 circuli
1808 2893 2036 2961 diretloriales
2050 2899 2096 2960 l’a·

738 2977 858 3040 latinos
873 2978 906 3038 dr
921 2975 1175 3037 llsnnasletienses
1189 2977 1219 3036 in
1233 2974 1334 3037 caslro
1353 2976 1480 3057 stegensr
1495 2978 1607 3037 eodem
1620 2988 1683 3036 tem
1708 2995 1764 3036 ore
1779 2976 1955 3056 degentes.
1979 2981 2015 3042 dr
2036 2982 2098 3042 Pro·

739 3056 907 3120 cessionem
923 3057 1160 3119 catholicorum
1179 3058 1388 3132 comitantes,
1410 3059 1612 3139 reliquosque
1627 2996 1813 3120 Carbolicos
1833 3080 1878 3120 ex
1900 3061 2005 3124 altera
2024 3075 2098 3145 patre

739 3137 929 3211 couslislua,
948 3141 981 3202 iu
997 3157 1063 3219 quo
1075 3137 1170 3219 aliqui
1210 3140 1328 3201 tiorum
1367 3143 1455 3202 attim
1470 3140 1583 3210 occisi,
1604 3140 1717 3221 partim
1728 3140 1893 3205 vulnerati
1904 3140 2010 3210 suere.
2024 3142 2096 3209 cons

740 3216 795 3283 Fa
805 3241 880 3283 usu
898 3219 1131 3299 Stoatsltuuzley
1146 3218 1177 3283 P.
1188 3158 1280 3285 lle.
1294 3160 1366 3283 C.l.
1381 3242 1410 3302 p.
1426 3240 1452 3283 1.
1467 3219 1526 3300 seq.

661 3336 700 3418 q)
721 3335 815 3401 Cous.
832 3336 970 3401 Fuerat
988 3336 1222 3419 Stantstaaatey
1236 3336 1317 3401 Part.
1329 3333 1417 3399 XXI.
1432 3333 1466 3397 C.
1479 3332 1504 3397 l.
1520 3353 1550 3415 p.
1564 3343 1615 3406 28.
1628 3330 1671 3397 δι.
1683 3350 1734 3415 31.

665 3455 702 3532 r)
719 3451 873 3516 Referunt
897 3454 1022 3535 quidem
1042 3450 1208 3531 scriptores
1229 3453 1423 3534 antiquiores
1441 3451 1589 3523 Palatini,
1612 3448 1782 3513 Ecclesiam
1798 3448 1831 3515 S.
1851 3450 1874 3514 S
1901 3453 1996 3518 iritua
2012 3474 2030 3516 a
2045 3453 2095 3517 Ru·

736 3546 827 3629 petto
846 3536 940 3617 palat.
960 3534 1046 3613 Rege
1064 3530 1170 3595 Germ.
1191 3532 1281 3595 fuisse
1300 3535 1460 3596 conditam
1479 3532 1512 3594 dt
1531 3532 1709 3604 fundatam,
1729 3534 1834 3627 veluti
1895 3554 2090 3599 oureunus

725 3613 2085 3786 sttruf·.⁶..ssr.u⁶...ltu-tttzrtstt·.¹.³rtzftvsssss.-tit

727 3793 789 3839 vau
804 3777 854 3840 Su
870 3791 924 3840 tun
963 3776 1026 3838 arrd
1038 3774 1132 3857 ersten
1149 3776 1358 3858 Eiarirsrtuug
1371 3777 1425 3838 der
1436 3776 1529 3837 taven
1548 3775 1654 3837 S2stuse
1673 3795 1716 3837 zu
1731 3775 1926 3858 Heidelberg.
1949 3784 1985 3841 r'a
2009 3780 2085 3841 Cora-

729 3872 821 3921 mrut.
844 3861 910 3924 Aru
934 3906 942 3921 .
969 3857 1121 3918 Theodoro
1143 3858 1239 3920 Pulot.
1261 3860 1326 3919 vol.
1345 3878 1372 3921 1.
1409 3877 1499 3939 .379.
1515 3857 1574 3936 seq.
1590 3854 1693 3918 suerat
1712 3869 1783 3918 ante
1800 3871 1951 3938 tempora
1969 3860 2087 3941 Ruperti

730 3936 827 4002 Palat.
845 3938 981 4000 Ecclesia
996 3938 1027 4001 S.
1044 3938 1179 4020 Spiritus
1194 3938 1307 4001 filiales
1322 3879 1470 4001 Ecclesiae
1487 3938 1517 3999 S.
1533 3937 1615 4000 Petri
1632 3938 1842 4009 Parochialis,
1864 3959 1883 3999 a
1904 3958 1974 4020 quo
1992 3957 2086 4002 autem

732 4037 821 4081 nexu
837 4019 935 4084 soluta
949 4019 1009 4081 suit
1023 4037 1072 4084 an.
1087 4038 1177 4097 1400.
1192 4041 1208 4080 a
1222 4019 1389 4082 Bonisacio
1402 4019 1458 4082 lls.
1474 4018 1646 4089 Pontifice,
1665 4019 1699 4080 br
1715 4030 1928 4081 transmutata
1944 4022 2088 4083 in·l¹2ccle⁴

732 4097 807 4162 flam
828 4100 1059 4179 collegiatam,
1090 4100 1124 4161 dr
1148 4099 1242 4180 hujus
1265 4101 1395 4181 collegii
1413 4101 1647 4162 canonicorum
1673 4100 1867 4163 universitati
1891 4102 2088 4196 Heidelberg.

733 4182 815 4242 uniti
831 4180 980 4241 fundator
994 4178 1095 4241 suerat
1110 4181 1176 4242 Rex
1190 4182 1295 4243 Germ.
1311 4183 1468 4262 Rupertus
1483 4182 1595 4262 palat..
1625 4180 1659 4242 de
1676 4182 1712 4242 ab
1728 4181 1791 4243 hoc
1806 4194 1958 4264 tempore
1970 4183 2093 4248 Ecclesia

733 4261 788 4324 illa
802 4260 862 4323 suit
874 4261 955 4323 uitta
976 4260 1093 4330 Capeto
1109 4261 1248 4357 Regalis,
1268 4261 1301 4323 δι
1315 4263 1495 4326 inservierat
1510 4262 1701 4342 potissimum
1714 4279 1771 4343 pto
1787 4263 1878 4326 sactis
1897 4268 1982 4327 aulae
1998 4267 2089 4346 palat..

734 4340 771 4403 dr
792 4342 866 4402 dum
886 4340 1052 4422 ptaedislus
1066 4337 1135 4404 Rex
1153 4361 1184 4403 tn
1204 4346 1313 4405 eadem
1332 4344 1469 4406 Ecclesia
1492 4344 1573 4405 suam
1589 4344 1778 4424 sepulturam
1794 4364 1867 4407 curn
1890 4351 2034 4429 conjuge
2048 4347 2092 4410 tibi

736 4420 866 4502 selegit,
890 4422 932 4484 sie
946 4423 983 4483 ab
998 4422 1055 4482 illo
1073 4442 1199 4503 quoque
1217 4434 1362 4500 tempore
1376 4445 1439 4534 pro
1458 4425 1613 4570 sespultura
1627 4425 1809 4489 Esestorum
1826 4426 1925 4506 palat.
1947 4431 2092 4493 inserviit:

742 4505 887 4599 adeoque
901 4502 1087 4599 parochialis
1104 4504 1183 4564 haud
1200 4504 1261 4565 suit
1278 4505 1413 4567 Ecclesia
1431 4505 1462 4604 s:
1501 4510 1630 4591 piritua,
1652 4517 1749 4592 prout
1764 4505 1845 4572 sesso
1862 4513 2093 4592 praetendebant

744 4579 944 4661 Calvautslae,
967 4581 1018 4650 sed
1031 4584 1170 4650 brosella
1182 4586 1278 4651 Aula
1291 4585 1493 4655 Eleuonha.
