4950 5567
394 687 399 701 ,
489 614 563 690 226
636 594 975 684 DlSSERTthO
998 594 1107 696 JUR.
1128 590 1288 670 GERM.
1311 587 1624 670 teuerstatt.
1646 589 1844 674 Punttct

487 786 753 867 commendabat.
799 785 891 856 Hinc
908 779 948 851 de
964 781 1067 877 Jure,
1092 773 1134 848 de
1150 770 1343 873 polseffione
1360 770 1569 848 subditotum
1587 774 1622 846 in
1636 773 1689 846 his
1700 771 1803 847 rebus
1818 796 1963 872 usquet

488 894 607 963 Pacem
622 895 676 961 W.
690 886 794 956 altum
816 880 999 960 slentium,
1023 878 1074 947 uti
1096 878 1207 946 omnis
1230 873 1426 970 procuratio
1446 871 1615 944 sacrorum
1635 872 1676 943 ad
1697 875 1895 970 Principem
1911 871 1966 972 spe

490 985 617 1068 siebat,
650 986 696 1056 itt
712 1005 813 1079 penes
838 974 984 1051 cundem
1005 997 1094 1053 erat,
1125 995 1200 1067 que
1222 969 1347 1064 templa
1370 973 1491 1067 cuique
1512 971 1763 1053 communitati,
1791 993 1879 1070 quas
1905 973 1966 1044 iter

515 1082 681 1165 cohones,
705 1079 809 1159 bona,
834 1074 1067 1152 fundationes,
1092 1067 1126 1140 dr
1142 1067 1271 1140 reditus
1287 1063 1444 1162 affignare
1461 1069 1617 1142 volucrit.
1666 1072 1702 1141 si
1720 1068 1814 1142 nulla
1830 1064 1913 1142 esset
1925 1071 1966 1144 hu

363 1261 371 1270 Ν
488 1207 543 1280 Jus
559 1177 668 1253 asstrn
685 1177 749 1249 alia
768 1172 942 1272 probatio,
964 1190 1055 1241 certe
1070 1169 1207 1238 unicum
1227 1164 1310 1236 illud
1324 1160 1546 1246 satisfaceret,
1574 1163 1666 1262 quod
1681 1164 1824 1240 subditit
1841 1189 1882 1240 ex
1897 1170 1966 1241 Pan

491 1273 660 1372 Religiosa
686 1269 841 1349 adversus
870 1269 1057 1340 Dominum
1081 1260 1207 1335 adverti
1229 1261 1404 1359 quidpiam
1430 1266 1518 1334 circe
1538 1259 1627 1334 sacra
1647 1262 1845 1357 jubentem,
1873 1263 1967 1340 conse

488 1399 631 1475 quenter
654 1371 790 1446 &bont
814 1365 964 1464 ipsorum
986 1361 1084 1435 sacris
1108 1357 1268 1434 Rauenna
1290 1356 1439 1456 impensa
1463 1362 1613 1455 propriit
1640 1361 1885 1458 applicantem,
1916 1387 1967 1436 not

488 1474 581 1548 aliud
597 1468 700 1544 suerit
715 1464 923 1566 presidium,
946 1485 1046 1557 quam
1068 1456 1205 1531 libertas
1227 1460 1479 1556 emigrationis,
1510 1482 1528 1528 a
1550 1482 1616 1554 qua
1640 1459 1817 1554 prohiberi
1840 1485 1909 1534 non
1927 1461 1967 1534 de

490 1572 625 1644 bebant.
678 1565 777 1639 Unde
794 1567 893 1636 etiam
907 1556 1065 1631 Ediiium
1080 1554 1324 1628 restitutorium
1348 1552 1447 1651 supra
1464 1577 1687 1627 memoratum
1702 1556 1814 1651 quoad
1830 1555 1967 1632 subdite

489 1667 576 1742 nihil
592 1665 681 1738 aliud
697 1660 903 1746 continebat,
928 1682 1028 1755 quam
1047 1655 1176 1726 nullum
1198 1654 1263 1724 illis
1286 1651 1430 1724 liberum
1444 1651 1630 1746 Religionis
1658 1656 1873 1738 exercitium,
1905 1679 1967 1728 eon

489 1765 668 1862 sequenter
683 1785 743 1834 nee
761 1759 848 1832 bona
862 1755 979 1828 deberi
993 1756 1098 1825 invito
1121 1753 1269 1824 Domino
1284 1750 1521 1833 Territoriali,
1550 1752 1608 1848 qui
1623 1754 1685 1846 Jut
1710 1751 1810 1824 habet
1833 1755 1964 1847 enigrt

490 1868 618 1937 tionem
632 1857 783 1955 jubendi.
832 1853 964 1936 Subditi
983 1851 1203 1949 oppignorati
1226 1845 1423 1944 specialibus
1445 1873 1483 1920 er
1504 1851 1691 1920 rationibut
1711 1852 1866 1922 terminia
1887 1853 1968 1924 Parit

491 1956 668 2053 Religiosae
685 1952 940 2034 addicebantur,
965 1971 1007 2021 eo
1028 1969 1189 2043 excepto,
1214 1945 1306 2042 quod
1322 1944 1507 2038 emigrandi
1523 1946 1677 2019 voluntat
1700 1944 1844 2030 servata,
1873 1945 1968 2022 neces

491 2055 566 2132 litas
582 2078 664 2128 vero
680 2047 827 2132 remissa,
853 2073 890 2119 tc
905 2070 1010 2144 porro
1025 2040 1204 2117 transtilio
1219 2068 1296 2115 cum
1312 2046 1463 2115 Domino
1479 2039 1626 2136 suggesla
1644 2039 1758 2118 suerit.
1809 2047 1915 2118 Nihil
1928 2070 1968 2119 et·

493 2179 538 2250 go
557 2155 650 2251 Juris
666 2172 726 2221 nec
740 2171 826 2219 nunc
841 2143 980 2216 subditis
996 2140 1168 2240 questum
1182 2138 1388 2228 ostenditur,
1422 2139 1513 2237 quod
1535 2143 1768 2220 antecedenter
1784 2142 1827 2218 td
1852 2140 1968 2244 sponte

495 2276 596 2328 neam
613 2249 779 2347 Principis
797 2240 1044 2341 affignatioutm
1062 2236 1158 2315 suum
1176 2238 1287 2314 dicant
1300 2235 1426 2335 stbique
1442 2241 1636 2338 proprium.

1116 2458 1146 2552 t.
1196 2451 1371 2532 xvrtr.

610 2593 784 2698 Perpenfis
801 2590 870 2669 illis
894 2587 1104 2688 generalibus
1121 2588 1330 2666 summorum
1347 2583 1670 2687 Compacisccntium
1692 2589 1796 2679 ideis,
1808 2617 1812 2622 ·
1825 2611 1882 2666 ma
1927 2615 1969 2668 tn

492 2700 612 2795 utique
631 2702 700 2769 vim
716 2695 845 2770 obtinet
869 2688 938 2858 ipsa
953 2690 1010 2761 illa
1028 2681 1253 2761 formularum
1272 2687 1563 2761 aProtesiantibus
1588 2689 1776 2763 oblatarum
1797 2689 1849 2788 rej
1906 2697 1939 2765 io
1959 2715 1969 2764 t

491 2793 677 2872 Catholicis
694 2811 859 2889 perpetuo
890 2783 959 2858 aaa
969 2834 978 2867 ,
1005 2809 1042 2858 ae
1058 2808 1127 2857 tota
1140 2783 1364 2858 Traiiatuum
1384 2783 1483 2858 series
1501 2791 1614 2883 paucis
1639 2788 1694 2860 hic
1708 2785 1821 2862 verbit
1839 2815 1878 2862 et
1894 2793 1969 2886 Cap,

491 2899 522 2968 1.
540 2892 651 2963 denuo
666 2894 699 2959 in
714 2888 849 2959 brevem
866 2882 1033 2979 quandam
1056 2886 1226 2980 epitomen
1243 2907 1417 2956 autunum
1442 2885 1543 2957 veluti
1566 2909 1718 2981 pugnum
1740 2888 1969 2971 contrahenda,

494 3015 570 3086 quae
587 2985 619 3059 dr
638 2982 789 3057 deduslis
805 2979 964 3054 hailenus
984 2983 1071 3072 §ivis
1090 2978 1386 3080 anacephaleoseos
1403 2981 1477 3053 loco
1490 2979 1628 3066 serviat,
1663 2983 1696 3054 dt
1718 2985 1759 3055 ad
1780 2987 1970 3082 praesentem

492 3081 699 3185 ponffimum
716 3077 852 3178 scopum
868 3072 1006 3149 strissim
1025 3079 1224 3174 applicetur.
1248 3081 1291 3172 e)
1314 3078 1533 3153 Protesiantes
1547 3080 1703 3152 videlicet
1722 3080 1761 3152 ab
1782 3087 1881 3155 initio
1896 3108 1970 3180 prat

494 3205 548 3255 ter
563 3181 775 3261 exercitium,
801 3175 903 3272 idque
918 3173 959 3245 ad
980 3200 1131 3247 normam
1147 3180 1235 3249 Anni
1254 3180 1503 3259 MDCXXlV.,
1529 3197 1652 3249 anneta
1673 3197 1810 3276 quoquc
1829 3181 1970 3278 Templa

495 3280 529 3352 dr
552 3278 656 3357 bona,
682 3273 745 3349 live
763 3276 887 3347 reditus
902 3298 938 3343 ac
954 3268 1182 3356 fundationes,
1211 3298 1367 3370 tanquam
1382 3274 1494 3345 omnia
1507 3278 1536 3343 vi
1554 3280 1680 3368 Legum
1696 3280 1903 3352 anteriorum
1918 3304 1970 3378 pu·

489 3374 677 3470 binarum,
703 3399 739 3444 ae
761 3375 930 3469 precipue
947 3372 1038 3440 Pacis
1059 3370 1231 3463 Religioste
1254 3372 1413 3464 denegata
1431 3371 1462 3443 ἃ
1478 3371 1640 3454 indebita,
1667 3397 1737 3444 tum
1755 3372 1905 3448 latillinte
1927 3401 1970 3450 en

522 3468 603 3546 ressa
620 3465 763 3569 petiisse,
790 3467 971 3541 Catholicis
990 3468 1074 3537 nihil
1091 3473 1228 3540 omnino
1250 3467 1488 3552 annuentibus,
1512 3471 1581 3542 imo
1603 3495 1661 3542 nee
1685 3469 1970 3568 respondentibus,

494 3501 684 3645 suculenter
701 3565 826 3641 eonslat
847 3567 896 3655 a).
946 3564 992 3660 β)
1017 3567 1067 3636 Ut
1083 3589 1163 3638 vero
1178 3564 1446 3639 Caesareanorum
1471 3565 1771 3640 &catholicorum
1791 3574 1971 3645 renitentia

493 3667 589 3766 juliis
607 3670 744 3739 omnino
758 3660 943 3736 rationibus
960 3666 1041 3733 nixae
1055 3663 1180 3760 aliquid
1197 3663 1344 3738 tribuere
1366 3665 1577 3747 viderentur,
1612 3667 1723 3762 quoad
1738 3669 1889 3766 Templa
1911 3669 1971 3742 sen

495 3765 556 3841 lim
573 3767 843 3836 communionem
860 3759 995 3856 quidem
1011 3764 1160 3835 Domino
1178 3762 1395 3834 Territoriali
1412 3785 1475 3859 pro
1489 3761 1551 3834 suae
1568 3765 1753 3857 Religionis
1768 3766 1971 3840 consortibus

496 3861 676 3942 cesserunt,
700 3861 786 3933 bona
799 3883 927 3940 tamen,
949 3858 1074 3931 reditus
1093 3856 1351 3931 &fundationes
1368 3885 1461 3931 antea
1471 3858 1603 3956 possessa
1617 3862 1870 3958 preservantes,
1887 3867 1971 3939 ideo·

364 4011 366 4016 -
495 3985 564 4132 gne
585 3957 735 4055 sumptus
749 3982 865 4028 omnes
888 3981 952 4051 pro
967 3957 1209 4028 introducendo
1225 3958 1407 4065 Religionis
1427 3962 1585 4029 exercitio
1605 3957 1798 4034 necessarios
1821 3965 1971 4062 (excepta

513 4060 565 4131 ola
580 4059 799 4152 propriorum
813 4053 1041 4149 Templorum
1061 4053 1331 4146 tonstruilione)
1353 4051 1483 4221 tplimet
1501 4059 1651 4131 Domino
1679 4059 1821 4132 reluenti
1846 4062 1971 4135 disertis

496 4154 608 4227 uerbis
624 4153 750 4247 injungi
766 4154 939 4263 cupientes
954 4154 1001 4244 l).
1023 4250 1029 4265 .
1049 4155 1090 4242 γ)
1117 4155 1202 4223 Haee
1214 4175 1298 4264 yeto
1313 4174 1359 4247 po
1389 4152 1475 4223 ulata
1493 4178 1529 4224 ac
1545 4158 1713 4253 precipue
1727 4155 1879 4255 sumptus
1893 4187 1972 4260 pre·

497 4253 585 4327 fatos
602 4276 677 4321 cum
695 4245 878 4319 constanter
894 4271 1070 4340 rejecerint
1085 4245 1224 4320 Caesaret
1243 4269 1398 4344 tanquam
1414 4250 1537 4341 regulae
1552 4277 1645 4325 tntet
1663 4251 1809 4327 stabilitae
1826 4257 1972 4352 advena,

499 4345 678 4424 dilliculrer
695 4345 829 4421 demum
845 4347 879 4417 in
893 4342 995 4417 solam
1012 4349 1159 4422 exercitii
1173 4344 1270 4422 liberi
1284 4395 1294 4435 ,
1319 4343 1375 4429 sed
1389 4347 1637 4434 indeterminati
1651 4349 1863 4432 subditurum
1877 4359 1972 4431 relui·

481 4585 489 4604 '
537 4578 575 4662 a}
598 4573 777 4664 Cons.Csp.
794 4570 820 4647 Ῑ.
852 4575 884 4662 §.
905 4573 946 4649 ll.
962 4571 997 4645 dt
1012 4573 1117 4651 HL&
1136 4566 1192 4651 IV,
1862 4478 1972 4533 ¹⁰¹⁰OE

537 4698 570 4781 s,
595 4693 673 4765 ruit.
688 4699 713 4784 t.
728 4689 769 4769 v.
