4950 5567
612 630 685 710 744
872 675 876 682 ,
1065 589 1636 673 otssstc'rarto

612 805 720 877 opera
739 775 852 848 addito
874 776 1034 848 nimirum
1054 772 1220 845 verbulo:
1265 770 1409 839 Omnibus
1438 770 1579 863 exprimi
1603 765 1672 842 line
1696 764 1777 839 ullo
1801 766 1950 860 negotio
1967 765 2076 840 aduisa

616 883 778 950 Praeterea
793 899 1023 968 quamcunque
1038 896 1054 938 a
1071 872 1184 961 regula
1199 870 1427 961 exceptionem
1442 891 1505 934 non
1522 885 1583 960 per
1596 864 1872 962 presumtiones
1890 888 1911 934 e
1928 865 2078 959 longinqua

615 969 784 1043 accersitas
806 970 1005 1047 docendam,
1032 967 1086 1037 sed
1105 965 1283 1038 secundum
1304 963 1408 1056 ipsam
1432 963 1575 1054 cujusvis
1596 966 1814 1057 exceptionis
1841 958 2012 1040 indolem,
2042 985 2081 1032 cu

607 1089 696 1233 qppq
705 1090 871 1251 Tiffim
887 1062 1118 1161 presumitur,
1141 1065 1266 1137 claram
1284 1059 1316 1132 dr
1337 1056 1636 1183 distinslamsuper
1658 1083 1698 1132 ea
1713 1054 2086 1131 tanaionemotluau

1290 1328 1324 1409 §.
1374 1320 1417 1395 X.

734 1471 914 1544 Contendit
938 1470 1093 1553 ulterius,
1119 1493 1232 1543 veram
1257 1468 1345 1540 illius
1367 1470 1410 1540 de
1433 1465 1625 1565 pluralitate
1645 1487 1813 1538 votorum
1836 1490 1908 1563 per
1930 1470 2087 1563 paeanii.

618 1567 747 1640 sancitae
767 1571 849 1658 legis
872 1572 1032 1636 rationem
1047 1572 1080 1635 in
1103 1592 1145 1637 eo
1167 1566 1305 1661 positam
1326 1562 1439 1643 fuisse,
1463 1587 1500 1634 ut
1515 1565 1688 1659 utriusque
1710 1563 1920 1653 Religionis
1943 1562 2087 1657 sociijutt

623 1666 712 1735 inter
729 1663 759 1732 se
776 1660 924 1758 persesla
940 1664 1068 1755 equali,
1086 1687 1186 1758 atque
1202 1665 1283 1733 adeo
1299 1661 1517 1732 Protellantes
1533 1682 1650 1753 utpote
1670 1683 1824 1729 nurnero
1840 1665 2088 1755 paucioreston·

619 1780 671 1828 tta
686 1757 820 1828 abusum
836 1758 998 1851 majorum
1015 1785 1032 1826 a
1048 1760 1229 1828 Catholicis
1248 1761 1409 1828 intentum
1426 1758 1524 1850 plena
1539 1751 1734 1825 fruerentur
1754 1751 1961 1828 securitate.
2012 1759 2089 1826 Hau

621 1876 703 1923 vero
724 1852 823 1922 finem
839 1856 889 1922 tel
912 1879 1097 1947 nunquam,
1123 1855 1174 1925 vel
1191 1880 1268 1924 raro
1281 1854 1458 1923 admodum
1473 1848 1562 1948 posse
1577 1850 1741 1932 obtineri,
1770 1849 1796 1920 si
1814 1876 1859 1922 ex
1876 1878 1962 1922 vera
1977 1848 2089 1924 summo·

620 1973 697 2019 rum
720 1948 951 2043 paciscentium
974 1974 1102 2030 mente,
1128 1953 1295 2023 unanimis
1313 1950 1353 2018 ad
1372 1947 1490 2042 juliam
1513 1950 1545 2016 itt
1559 1970 1670 2041 partes
1689 1949 1841 2017 itionem
1861 1946 1971 2019 essent
1984 1942 2091 2020 nertlla

621 2046 692 2124 ria3
717 2069 756 2112 eo
775 2046 864 2137 quod
879 2071 981 2115 unum
997 2045 1047 2113 vel
1066 2048 1206 2115 alterum
1225 2043 1478 2120 Protellantium
1494 2069 1532 2112 cx
1547 2067 1663 2112 eorum
1679 2043 1808 2113 ordine
1825 2041 2011 2125 seducere,
2028 2039 2091 2113 suas·

625 2143 739 2232 quein
758 2165 867 2231 partes
886 2141 1097 2232 pertrahere,
1123 2140 1303 2211 Catholicis
1318 2141 1406 2209 haud
1427 2163 1546 2230 magno
1560 2138 1671 2207 labore
1685 2136 1842 2221 constet,
1875 2139 1900 2209 si
1918 2138 1978 2211 sua
1998 2137 2093 2211 bisen·

625 2239 728 2302 tentia
746 2237 777 2302 in
795 2235 950 2303 damnum
968 2234 1221 2306 Protcslantium
1238 2240 1269 2305 in
1288 2237 1431 2329 quodam
1445 2237 1555 2325 magni
1571 2231 1732 2304 momenti
1749 2240 1904 2325 negotio
1920 2239 2094 2333 pervincere

622 2324 732 2399 secum
751 2328 988 2401 constituerint.
1039 2337 1114 2400 lmo
1130 2357 1262 2401 omnem
1281 2337 1368 2427 pacis
1389 2330 1523 2428 scopum
1541 2330 1755 2400 acatholicis
1771 2339 1887 2403 etiam
1906 2358 1974 2428 per
1995 2334 2027 2403 itl
2045 2333 2094 2403 clu·

626 2424 660 2495 di
677 2422 785 2518 polle.
813 2426 891 2493 dum
914 2428 1039 2519 aliquot
1054 2428 1302 2497 Catholicorum
1322 2426 1478 2518 l'ulscagia
1503 2423 1757 2496 Proteslantium
1782 2433 1885 2521 parti
1914 2427 2040 2501 faciunt
2057 2452 2094 2519 tp

626 2525 778 2613 gregari3
805 2546 879 2589 cum
896 2524 957 2590 hoc
975 2520 1062 2591 saslo
1081 2522 1221 2616 speciem
1242 2546 1397 2593 votorum
1413 2548 1451 2593 ex
1474 2546 1614 2617 utraque
1633 2546 1728 2610 parte
1777 2523 2039 2596 romiscuorum
2055 2523 2094 2597 ab

624 2640 756 2689 vertere
772 2618 904 2698 liceret3
931 2620 1094 2687 Catholici
1114 2644 1193 2687 vero
1213 2618 1337 2713 absque
1356 2620 1505 2714 periculo
1528 2619 1725 2712 pluralitatis
1747 2546 2008 2713 suffragiorum
2026 2623 2095 2693 tulo

627 2711 732 2783 tendae
749 2713 876 2805 aliquot
891 2720 976 2781 votis
991 2739 1104 2783 carere
1120 2712 1264 2807 possent3
1289 2720 1340 2785 cui
1358 2715 1485 2785 lubrico
1503 2711 1718 2784 fundamento
1735 2716 1817 2784 tlara
1834 2724 1964 2812 quavis
1978 2715 2095 2790 occasio

624 2809 862 2879 pervertendo
881 2807 904 2877 li
919 2812 993 2902 quis
1010 2806 1217 2879 securitatem
1231 2809 1483 2882 Protellantium
1498 2809 1665 2880 suffultam
1685 2814 1897 2901 contendat,
1925 2815 1971 2888 ab
1982 2840 2024 2890 eo
2041 2813 2098 2886 stat

624 2906 716 3001 pacis
736 2909 791 2975 W.
816 2904 876 2974 hac
891 2908 925 2973 in
941 2929 977 2975 rc
997 2902 1196 2977 sanslioncm
1216 2932 1311 2980 mero
1333 2907 1479 2979 ludibrio
1499 2907 1676 2999 babaria).

1285 3122 1317 3206 a.
1366 3116 1435 3188 xt.

748 3241 911 3311 Praeterea
926 3266 1099 3337 oppugnat
1114 3247 1292 3318 novitatem
1313 3248 1410 3338 hujus
1428 3245 1603 3329 doslrinae,
1628 3270 1700 3343 quae
1715 3267 1798 3320 vota
1815 3253 1986 3324 omriium
2008 3254 2101 3323 unani·

625 3335 692 3405 mia
707 3341 865 3430 requirat.
915 3344 1038 3433 Neque
1061 3345 1269 3423 catholicos,
1301 3370 1407 3437 neque
1428 3342 1651 3414 Protcslantes
1666 3342 1767 3414 slatus
1791 3370 1866 3439 per
1889 3353 2000 3421 totius
2021 3349 2101 3421 seculi

625 3428 786 3526 spatium,
814 3434 954 3527 &quod
972 3441 1133 3516 excurrit,
1162 3440 1200 3506 ad
1223 3444 1359 3508 itionem
1376 3444 1406 3507 in
1430 3466 1537 3535 partes
1554 3437 1766 3510 nccessarium
1784 3443 1980 3533 judicasse,
2012 3445 2103 3519 utsta-

625 3528 702 3617 guln
719 3531 868 3596 omniurn
885 3527 1026 3600 adcli'ent
1045 3556 1126 3602 vota.
1172 3539 1213 3603 Et
1238 3534 1259 3605 si
1285 3534 1499 3607 Protellantes
1525 3559 1669 3630 unquam
1694 3537 1926 3611 credidissent
1953 3544 1997 3612 ad
2015 3543 2104 3634 legiti-

625 3645 718 3690 mum
735 3625 928 3710 jutiscundi
954 3630 984 3694 in
1007 3653 1116 3721 partes
1139 3630 1230 3698 usum
1256 3657 1443 3701 tratautmetn
1466 3635 1615 3701 omnium
1641 3630 1844 3704 consensum
1875 3643 2031 3732 requiri,
2059 3662 2103 3708 eos

624 3741 812 3811 nunquam,
838 3744 903 3788 tam
921 3722 1052 3792 veliatros
1069 3729 1226 3795 extituros
1252 3722 1360 3805 suilsc,
1394 3753 1430 3796 nt
1453 3728 1629 3798 Catholicis
1654 3725 1881 3801 Elcslnribus
1903 3734 1938 3805 dt
1960 3739 2104 3830 Principi-

623 3811 702 3890 bus,
729 3817 761 3879 in
779 3839 920 3908 quorum
936 3824 1112 3888 territoriis
1130 3834 1158 3891 Α
1189 3826 1215 3890 C
1245 3825 1363 3910 religio
1380 3829 1482 3914 viget,
1506 3821 1658 3911 suffragia
1678 3849 1780 3917 penes
1799 3825 1908 3897 suum
1931 3857 2057 3903 cutum
2070 3838 2103 3899 in·

622 3906 798 3987 dulstslcnt,
849 3916 1007 4006 Qantvis
1024 3941 1112 3984 eorm
1127 3941 1324 3987 conventum
1347 3917 1399 3990 lit,
1426 3943 1462 3988 ut
1486 3919 1647 4011 ejusmodi
1671 3915 1838 4011 suffragia
1865 3950 1938 3996 non
1965 3954 1985 3999 a
2006 3932 2104 3999 Domi·

623 4026 669 4073 no
685 4005 876 4084 Catholico,
890 4006 956 4075 ¹scd
973 4010 1012 4076 ab
1028 4010 1097 4100 ejus
1119 4011 1295 4083 secretiore
1316 4012 1449 4084 consilio
1476 4023 1515 4083 Α.
1533 4020 1570 4083 C.
1588 4012 1718 4083 addislo
1747 4015 1996 4105 instruantur,
2032 4025 2103 4094 haud

623 4120 734 4168 tamen
750 4097 925 4172 difficulter
942 4102 1010 4192 jam
1031 4130 1105 4176 ante
1120 4106 1260 4201 potuisse
1277 4109 1421 4197 agnosci,
1449 4111 1610 4201 ejusmodi
1633 4134 1723 4187 vota,
1759 4137 1845 4183 cum
1871 4121 2039 4218 Princeps
2058 4126 2104 4190 Ca·

623 4194 768 4266 rholicus
785 4193 821 4266 fit
836 4196 868 4269 d·
884 4222 1013 4272 maneat
1036 4202 1083 4272 liti
1109 4202 1232 4276 confilii
1254 4202 1439 4282 l'ecretiotis
1464 4209 1630 4279 Dominus
1656 4207 1688 4278 dr
1709 4208 1920 4307 imperans,
1947 4221 1984 4288 in
2009 4240 2104 4313 partas

2003 4314 2105 4390 Cutha

661 4462 694 4539 b)
718 4461 741 4542 i·
762 4482 812 4543 24·

657 4580 695 4657 ι)
718 4580 743 4660 t·
761 4598 811 4662 21·
