4950 5567
944 616 948 626 ⁸
992 623 1399 706 DISSERTATIO
1447 621 1693 702 ALTERA
1823 661 1826 666 ·

727 806 803 873 cilio
826 823 882 891 per
901 804 1064 870 extensum
1086 802 1132 868 est
1149 805 1182 869 in
1204 803 1355 868 Runno
1381 803 1463 870 Tum.
1483 802 1548 870 lis.
1570 811 1700 886 ματη.
1725 817 1800 887 pag.
1816 819 1886 868 roo.
1923 797 2087 888 Denegat·

728 889 790 954 suit
818 887 1019 952 confirmatio
1043 884 1147 949 eletto
1174 884 1376 951 Aonrnuo
1395 885 1675 951 Rucuruonrr.
1727 889 1763 962 r)
1785 885 1868 961 Quia
1895 883 2087 952 scrutatorea

728 978 818 1033 erent
833 969 902 1041 sex,
925 980 988 1031 tter
1002 968 1043 1029 dc
1062 965 1225 1046 collegio,
1247 976 1314 1030 trec
1333 977 1426 1030 extra
1446 967 1630 1048 collegium.
1671 970 1710 1042 a)
1730 966 1813 1042 Quia
1827 975 1892 1029 trea
1909 969 2088 1032 extra-ool·

727 1051 859 1134 legialer
880 1049 1006 1113 scrutati
1022 1048 1091 1109 sunt
1103 1058 1220 1109 votnm
1235 1049 1327 1129 primi
1342 1049 1384 1112 de
1399 1049 1548 1130 Collegio
1567 1048 1766 1119 scrutatoris,
1788 1047 1917 1121 deinde,
1936 1048 2089 1130 praesente

727 1131 809 1204 isto,
827 1143 943 1194 votum
956 1129 1101 1201 secundi,
1117 1127 1253 1211 denique
1263 1128 1418 1214 praesente
1449 1132 1551 1202 rimo,
1570 1127 1605 1192 dr
1623 1127 1761 1192 secundo
1775 1137 1890 1192 votum
1908 1131 2007 1194 tertii.
2049 1133 2087 1213 3)

727 1212 811 1289 Quia
822 1213 1012 1276 temtatoree
1029 1211 1070 1272 de
1083 1209 1224 1291 collegio
1235 1230 1303 1273 nou
1319 1152 1559 1293 exquisveruut
1569 1210 1626 1294 ipsi
1637 1225 1736 1284 vota,
1755 1210 1806 1273 sed
1822 1219 1947 1273 tanturn
1961 1210 2088 1274 adstite-

727 1306 803 1357 runt
824 1292 1048 1356 scrutatoribus
1067 1293 1424 1374 extra-collegialibue.
1468 1301 1503 1370 4)
1521 1291 1606 1367 Quia
1626 1303 1699 1356 uoto
1721 1310 1788 1354 non
1811 1302 1901 1361 crant
1921 1294 2088 1375 parilitate,

727 1374 779 1440 sed
799 1384 923 1437 tantum
940 1372 1057 1447 eletio,
1084 1389 1157 1454 quae
1182 1376 1266 1437 ratio
1290 1374 1362 1439 sane
1378 1393 1446 1438 non
1460 1373 1600 1438 subsistit.
1647 1379 1686 1456 5)
1707 1371 1791 1450 Quia
1814 1392 1880 1437 non
1898 1383 1967 1437 eret
1985 1376 2089 1455 petita

656 1447 668 1464 “
728 1454 931 1519 confirmatio
941 1455 1035 1536 juxta
1050 1453 1123 1537 Cap.
1136 1452 1185 1517 16.
1207 1454 1237 1518 ie.
1251 1464 1274 1518 t.
1293 1460 1328 1517 in
1337 1455 1368 1520 6.
1385 1455 1462 1520 Non
1479 1455 1524 1520 est
1533 1473 1639 1517 meum
1652 1452 1813 1519 censurere
1823 1453 1904 1517 hanc
1918 1454 2088 1521 Auditorie

726 1539 876 1619 ponentis
889 1537 1084 1599 relationem.
1128 1535 1193 1612 Qui
1233 1536 1299 1599 lura
1312 1536 1388 1601 scire
1401 1540 1490 1621 cupit
1505 1533 1597 1611 huius
1610 1535 1752 1616 lugubria
1766 1580 1776 1609 ,
1797 1534 1832 1598 dr
1850 1537 1904 1598 diu
1918 1539 2088 1599 continua·

727 1627 772 1688 tae
786 1618 942 1692 historiae,
964 1618 1056 1680 adeat
1078 1616 1121 1680 H.
1140 1616 1183 1682 D.
1203 1557 1237 1681 s
1266 1618 1348 1684 Tum.
1365 1619 1432 1683 ΙΙΙ.
1454 1637 1529 1703 pag.
1542 1613 1614 1700 276.
1636 1618 1689 1680 ubi
1713 1616 1757 1679 est
1785 1617 1871 1709 trulla
1893 1615 2088 1701 provifionie

603 1739 607 1746 ·
727 1697 923 1846 Apostolicae
950 1717 1009 1783 pro
1032 1697 1248 1764 Prrrnrnro
1279 1697 1631 1766 Currerorrrorto
1656 1696 1803 1783 Arciiep.
1828 1695 1916 1764 rien.
1937 1698 1977 1763 ad
1999 1697 2089 1772 illari

725 1799 750 1844 v
763 1801 843 1851 cem.

656 1891 801 1961 Additio.
845 1894 1047 1978 Quapropter
1065 1897 1227 1963 direfforee
1244 1895 1410 1960 clettionia
1427 1903 1573 1959 nontam
1590 1897 1693 1961 solent
1700 1895 1858 1980 semmei,
1888 1913 1982 1979 qnam
2001 1895 2089 1963 scire·

731 1976 821 2038 dulae
839 1978 1036 2042 convolutae
1051 1980 1085 2040 in
1104 1996 1216 2040 urnam
1230 1979 1368 2057 colligere
1382 1996 1394 2038 .·
1410 1977 1478 2040 irno
1497 1980 1578 2060 apud
1597 1980 1750 2060 quosdam
1763 1979 1976 2042 mendicantes
1988 1993 2089 2043 utun·

726 2068 780 2119 tur
791 2058 917 2121 sabisin
929 2057 1234 2140 calicemconjeitia.
1275 2059 1464 2139 Quanquam
1475 2058 1759 2124 litera'sridentiua
1770 2058 1958 2133 salvaretur,
1975 2063 2090 2125 etiem·

725 2137 751 2200 sr
765 2139 947 2214 scrutatores
958 2138 1106 2203 rescirent
1117 2183 1127 2216 ,
1138 2140 1198 2284 poi
1213 2137 1249 2202 dr
1269 2141 1382 2222 quibus
1396 2153 1475 2202 vote
1494 2141 1661 2214 dederint,
1684 2141 1858 2205 dummodo
1874 2137 1982 2205 secreti
1999 2142 2090 2224 sigil-

726 2218 795 2284 lum
817 2217 959 2282 servent:
976 2222 1021 2284 ait
1034 2223 1121 2300 enirn
1160 2231 1317 2285 unraxat:
1335 2221 1409 2301 eligi
1420 2219 1523 2284 dedere
1538 2242 1594 2306 per
1611 2232 1683 2286 voto
1695 2221 1829 2307 secretu,
1854 2223 1920 2294 ito,
1938 2224 2090 2306 atsteigai·

622 2305 626 2312 '
726 2299 825 2361 iorum
834 2304 1010 2382 eligentium
1022 2306 1147 2364 uomina
1159 2319 1315 2382 nunquam
1328 2302 1538 2383 publicentur:
1566 2305 1664 2385 Atqui
1679 2315 1759 2365 vote
1772 2301 1898 2387 possunt
1910 2301 1971 2367 elie
1988 2303 2090 2369 secte·

727 2391 776 2453 ta,
801 2381 919 2444 etiamsi
933 2385 1076 2447 votentis
1097 2403 1214 2446 vocem
1229 2385 1326 2446 sciant
1340 2384 1539 2447 scrutatores.
1564 2387 1650 2466 Arg.
1668 2385 1740 2465 Cap.
1750 2404 1801 2465 42.
1817 2383 1847 2448 ir.
1863 2392 1886 2447 t.
1928 2382 1972 2446 Et
1993 2405 2090 2462 vern,

729 2462 911 2528 odireuor
926 2463 1002 2526 scire
1024 2484 1090 2526 non
1104 2463 1222 2547 posset,
1246 2465 1338 2546 quale
1351 2466 1484 2546 quiaque
1504 2474 1619 2528 votum
1633 2467 1769 2540 dederit,
1795 2465 1960 2547 quomodo
1980 2466 2090 2550 postu·

728 2542 866 2615 labitur,
889 2543 945 2606 vel
965 2545 1101 2628 eligetur
1118 2566 1135 2609 a
1155 2543 1315 2628 quoquam
1335 2545 1554 2628 capitularium
1574 2558 1771 2619 extraneus,
1798 2547 1890 2628 cujur
1911 2565 2031 2612 nomen
2053 2550 2089 2614 in

730 2623 886 2687 schedulis
901 2624 1072 2691 distributis
1091 2647 1157 2689 non
1172 2626 1263 2690 erati
1786 2661 1789 2668 ¹

656 2735 695 2823 e)
715 2739 816 2807 Cessat
835 2745 932 2824 igitur
950 2744 1068 2804 cointio
1088 2741 1149 2801 zeli
1165 2738 1207 2801 ud
1225 2739 1345 2814 celum,
1365 2734 1538 2819 (quaejam
1554 2746 1628 2802 ante
1642 2737 1730 2805 Trid.
1747 2742 1779 2807 in
1799 2743 2008 2809 electionibus
2023 2765 2089 2810 κο·

729 2826 859 2884 caiatiam
882 2821 1157 2883 intermittebatur.
1182 2820 1255 2902 cap.
1269 2839 1321 2900 43.
1343 2818 1377 2900 ς.
1392 2838 1420 2881 1.
1445 2822 1478 2881 ier
1488 2819 1547 2902 fier.
1566 2820 1595 2882 ia
1612 2828 1634 2884 t.
1655 2826 1688 2884 ier
1702 2823 1753 2902 6.)
1771 2827 1866 2889 etiam
1893 2828 1998 2907 quoad
2019 2825 2091 2898 ele-¹.

730 2905 854 2966 itiones
868 2903 1018 2963 uirorum.
1061 2901 1106 2964 At
1128 2920 1168 2964 ue
1180 2901 1253 2964 hinc
1292 2901 1397 2964 uidam
1413 2899 1655 2966 Protonotarius
1666 2904 1869 2985 Apostolicua
1883 2926 1949 2968 non
1964 2909 2007 2972 ite
2023 2912 2089 2991 pri-

728 2984 801 3077 dem
816 2985 919 3045 miuus
954 2982 1067 3044 rovide
1079 2920 1207 3045 inseruit
1219 2920 1386 3078 eledionte
1401 2981 1562 3045 abbatialis
1576 2983 1804 3078 instrumento:
1825 3008 1880 3070 per
1892 2989 2030 3073 majora,
2048 2988 2090 3054 Θ

721 3062 855 3148 saniora
864 3083 878 3135 ς
922 3064 930 3078 “
969 3062 1032 3127 hoc
1050 3065 1291 3146 interpretemur
1305 3065 1473 3144 beurgniue
1492 3066 1528 3128 de
1537 3062 1725 3147 saecuritate
1736 3065 1944 3154 presumpta,
1966 3091 2011 3134 ex
2024 3090 2089 3135 no·

730 3147 817 3208 toria
833 3145 937 3208 meriti
957 3146 1261 3228 praeponderatioue.

655 3261 802 3338 Additio.
843 3261 881 3326 In
903 3261 1113 3325 elcstionibns
1141 3260 1377 3344 provinciarum
1399 3260 1628 3326 Austriecarum
1653 3262 1778 3345 Belgii,
1805 3263 1883 3337 ubi,
1910 3262 1989 3327 ficut
2017 3266 2088 3331 dixi

610 3384 631 3408 .,
728 3345 834 3425 supra,
853 3363 917 3403 non
933 3342 1049 3414 etcisio,
1073 3342 1123 3405 sed
1139 3345 1309 3405 nominatio
1322 3343 1501 3414 Abbatum,
1523 3343 1793 3408 &Abbatilserurn
1805 3343 1869 3407 dcc.
1885 3347 1986 3426 viget,
2000 3347 2089 3411 Prin·

729 3427 800 3505 cipe
816 3425 992 3505 deligente,
1014 3421 1219 3487 Conrmissrrii
1232 3423 1343 3506 Regii,
1359 3425 1412 3503 qui
1426 3425 1519 3487 mixti
1540 3426 1609 3488 sunt
1624 3448 1666 3489 ex
1679 3427 1823 3499 clericis,
1839 3425 1990 3501 dulcitia,
2012 3429 2089 3492 scri·

729 3508 809 3570 bunt
832 3506 870 3566 ad
892 3506 1108 3585 protocollum
1130 3507 1277 3575 uomina,
1303 3515 1402 3577 vota,
1422 3503 1456 3567 dc
1479 3507 1618 3571 rationes
1637 3508 1791 3582 votaudi,
1810 3509 1931 3572 secreto
1953 3508 2088 3587 emissae,

614 3651 617 3660 ,
728 3589 869 3669 illudque
888 3586 1104 3651 transmittunt
1120 3587 1204 3651 Duci
1223 3606 1296 3651 cum
1313 3597 1411 3650 voto.

619 3766 682 3856 ro)
707 3762 864 3839 collectis
879 3767 1030 3838 omnium
1046 3762 1234 3858 suffragiis,
1260 3761 1298 3837 fit
1310 3790 1329 3836 a
1341 3759 1538 3848 Direitore,
1560 3761 1772 3839 affislentibus
1786 3768 1958 3850 Notario‚
1984 3766 2088 3845 &tt-

662 3861 784 3943 stibus,
809 3869 924 3933 ciderio
939 3869 1055 3933 numeri
1068 3867 1109 3932 ad
1121 3889 1298 3934 numerum:
1329 3862 1451 3933 habitis
1472 3887 1536 3959 pro
1559 3888 1627 3934 uno
1643 3865 1854 3955 majeribus‚'
1888 3871 2089 3961 pronunciat

659 3957 841 4031 Diretlor:
866 3963 1003 4029 labemus
1019 3953 1188 4030 canentiam
1204 3964 1390 4040 eiectionem,
1414 3951 1621 4056 eandem'ipue
1638 3959 1828 4057 petentibus
1846 3961 2087 4056 capitularibus

661 4055 828 4149 publicat:
845 4058 882 4100 *⁴¹
906 4054 1217 4136 conresultantibus
1239 4053 1436 4126 autemillis
1458 4054 1556 4127 dicit:
1591 4081 1649 4127 nen
1671 4060 1810 4127 ieiemus
1831 4063 2001 4129 canonicam
2026 4067 2088 4132 eie·

658 4157 801 4233 itionem,
828 4151 1000 4249 petitque,
1027 4178 1086 4230 au,
1113 4153 1146 4225 dr
1164 4153 1315 4249 quando,
1339 4152 1443 4224 velint
1458 4152 1667 4253 capitulares
1681 4153 1723 4225 ad
1737 4155 1876 4227 ulterius
1891 4151 2089 4229 scrutinium

659 4250 863 4343 procedere:
876 4254 932 4297 ***
958 4248 1129 4321 Schedulae
1146 4274 1227 4323 vero
1246 4271 1447 4323 cremantur.

652 4418 673 4464 '⁸
696 4416 787 4485 Plura
809 4434 875 4478 nnn
895 4415 1129 4487 desiderantur,
1155 4417 1340 4498 nequidem
1360 4418 1394 4482 ln
1412 4416 1621 4483 elestionibus
1640 4419 1843 4484 monialium:
1868 4421 1946 4504 Arg.
1960 4438 2087 4504 cup.43.

726 4499 805 4647 §.1⁶.
828 4497 935 4560 versu:
948 4497 982 4594 ‘fi
994 4517 1083 4595 vero,
1100 4498 1141 4596 q&
1168 4500 1201 4580 §-
1216 4516 1246 4561 2.
1271 4500 1510 4597 quamvieoduoe
1523 4503 1622 4562 tertia
1633 4499 1692 4563 fint
1708 4502 1758 4565 hia
1776 4501 1888 4598 elettis
1906 4502 2004 4566 valde
2022 4504 2089 4567 uti·

741 4599 800 4646 es.
834 4589 871 4666 1)
894 4579 977 4658 Qura
997 4578 1168 4664 Superior,
1196 4579 1283 4644 nulla
1301 4580 1504 4664 oppositione
1524 4591 1660 4656 attente,
1680 4582 1732 4648 sed
1751 4581 1802 4646 hu
1817 4581 1934 4661 solum,
1953 4602 2089 4733 qppiceirg
