4950 5567
696 612 1018 716 nnsunotrts
1045 613 1317 718 Quotunntt
1344 589 1720 696 orrtononnris
1745 616 1814 696 ec.
1913 643 1988 721 ιι,

492 817 611 870 tonum
625 790 892 911 permissionem,
918 793 1043 894 absque
1056 794 1286 892 Templorum
1303 755 1397 870 antea
1411 795 1626 872 obtentorum
1640 804 1827 885 mentione,
1860 775 1984 875 adcnnss

497 893 694 979 sentientem
721 895 803 991 quid
817 895 907 968 aliud
927 895 1101 968 intendere
1116 915 1318 992 potuerunt,
1346 907 1448 1064 qpam
1460 921 1498 969 ut
1511 898 1568 969 illa
1584 898 1688 981 bona,
1712 900 1841 974 reditus
1854 923 1890 972 ac
1903 895 1982 972 fun·

500 994 647 1068 ledones
667 993 815 1090 alioquin
829 991 1101 1066 eFundatoribus
1115 993 1285 1160 qnondam
1294 996 1356 1064 Cat
1382 994 1476 1065 olicis
1492 998 1548 1091 pis
1560 995 1759 1071 liberalitate
1775 1000 1810 1070 in
1818 993 1978 1072 Ecclesiae

459 1117 460 1124 ¹
504 1091 650 1166 dteultus
663 1089 770 1162 divini
785 1115 821 1163 ae
833 1088 1113 1164 Ministrnrnmsu
1141 1092 1347 1163 entationem
1363 1091 1482 1164 eull'ata
1496 1091 1560 1164 luae
1577 1094 1686 1166 adhuc
1699 1095 1906 1192 dispenlandi
1922 1117 1984 1192 pu·
2016 1185 2019 1191 Ι

507 1187 604 1264 tellati
621 1213 660 1261 ac
674 1191 834 1261 eminenti
846 1188 1122 1262 administrationi
1138 1185 1363 1272 reservarent,
1388 1187 1529 1261 subditis
1552 1191 1708 1264 videlicet
1731 1192 1794 1265 suae
1809 1192 1980 1283 Religioni

488 1284 637 1366 ¹eddislis
651 1286 927 1360 communicanda
950 1312 1052 1383 atque
1068 1287 1261 1358 addicenda.¹
1309 1287 1348 1379 δ)
1379 1291 1507 1382 Neque
1527 1283 1676 1360 solorum
1697 1291 1762 1364 hoc
1785 1288 1983 1364 catholicoe

508 1405 705 1462 multotum
720 1379 786 1456 fait
798 1407 897 1483 atque
911 1386 1129 1466 destderium,
1154 1380 1210 1456 sed
1225 1380 1375 1479 ipsorum
1393 1409 1529 1482 quoque
1550 1392 1594 1459 A.
1610 1390 1649 1458 C.
1671 1385 1881 1460 addiblorum
1902 1391 1979 1459 Sta·

510 1507 591 1560 mutu
606 1478 781 1556 consensus
796 1508 931 1572 eatenus
948 1479 1091 1564 aeceffit,
1118 1482 1209 1579 qnod
1234 1483 1268 1551 hi
1291 1481 1372 1552 alias
1393 1480 1618 1556 correbliones
1635 1480 1804 1568 feriendo,
1836 1488 1906 1556 into
1925 1485 1978 1558 uti

509 1579 716 1682 supponitur,
743 1582 777 1653 dt
792 1579 1012 1676 conjeslnrari
1027 1581 1165 1652 omnino
1179 1576 1305 1676 potest,
1331 1578 1451 1652 rerba:
1476 1591 1514 1652 In
1536 1587 1665 1677 Templis
1675 1606 1768 1654 anter
1781 1586 1911 1655 obtentis
1924 1580 1981 1652 ad·

510 1679 659 1779 jiciendn,
682 1679 851 1776 reliquum
873 1699 999 1751 textum
1023 1679 1056 1749 dr
1078 1681 1229 1748 omnium
1254 1676 1398 1747 oliorum
1420 1703 1640 1762 annexorum,
1675 1678 1859 1762 bonorum,
1890 1678 1980 1750 redi·

512 1803 592 1854 tuum
610 1779 881 1869 denegationem,
907 1774 1100 1873 sumptuum
1120 1799 1189 1871 qun
1215 1798 1275 1852 ue,
1300 1798 1365 1869 pro
1382 1776 1628 1849 introducendo
1640 1781 1780 1849 Domini
1792 1777 1979 1869 Religionis

511 1879 675 1959 exercitio,
700 1874 969 1973 repudiationem
983 1897 1002 1944 a
1016 1869 1173 1945 Cesareis
1187 1799 1310 1943 sanan
1325 1870 1606 1967 approbaverint,
1630 1898 1668 1946 ae
1687 1871 1748 1947 soli
1769 1872 1861 1946 nudo
1877 1873 1983 1958 reluiq'

512 1997 609 2049 tetum
624 1976 782 2044 exercitio
802 1972 889 2043 haud
906 1969 1008 2043 dubie
1022 1971 1252 2068 acquieverint
1264 1970 1316 2060 c);
1342 1985 1408 2067 qua
1425 1968 1663 2065 requiescentis
1678 1974 1853 2045 secedente
1864 1971 1981 2066 Proje·

512 2069 588 2146 llum
605 2071 688 2142 illud
706 2068 895 2143 acoesareis
908 2068 1057 2141 oblatum
1074 2092 1160 2139 verae
1175 2068 1405 2140 contentionis
1419 2067 1566 2139 indolem
1581 2065 1734 2164 sortitum
1750 2064 1828 2142 fuit.
1859 2067 1895 2161 a)
1910 2065 1979 2141 Sed

512 2191 567 2243 tote
585 2170 656 2241 baec
668 2191 740 2252 res,
765 2167 948 2240 Catholicis
964 2167 1042 2239 ltuir
1054 2162 1342 2244 Cesereenorum,
1366 2167 1415 2236 uti
1434 2162 1495 2261 ipsi
1513 2165 1717 2248 credebant,
1737 2162 1978 2240 facilitaticun·
2092 2185 2095 2190 ·

509 2266 752 2349 mdicentibns‚
776 2257 889 2338 &nee
912 2264 1016 2361 ipsam
1037 2265 1185 2336 exercitii
1208 2256 1454 2358 permissionem
1476 2267 1604 2356 aLege
1625 2262 1762 2336 stabiliri
1789 2259 1978 2337 uolentibus
2124 2323 2125 2328 η

510 2362 681 2438 infirmum
701 2360 774 2437 sere
791 2388 827 2437 ac
844 2363 988 2434 nibilum
1004 2361 1116 2434 rediit.
1156 2362 1204 2453 ζ)
1229 2362 1317 2430 Cum
1330 2361 1434 2452 igitur
1449 2357 1590 2433 caesarei
1612 2363 1646 2433 in
1665 2365 1761 2433 novis
1782 2358 1849 2435 suis
1865 2360 1980 2456 Proje·

459 2455 460 2464 ¹
508 2460 558 2537 llis
571 2465 658 2536 ltane
674 2464 994 2560 oppignorationum
1008 2461 1181 2530 meteriam
1197 2455 1237 2527 nd
1251 2458 1417 2542 Comitis,
1440 2479 1497 2527 aut
1518 2459 1622 2531 alium
1644 2483 1814 2557 quemque
1834 2483 1980 2531 conven-

508 2581 566 2636 tum
586 2563 715 2634 remitti
739 2584 838 2656 atque
854 2556 984 2631 differri
1000 2554 1193 2638 suaderent,
1214 2549 1345 2651 ipstmet
1358 2551 1577 2626 Protellrntes
1596 2555 1638 2626 ad
1657 2557 1796 2628 antebac
1816 2577 1979 2630 convente

505 2684 594 2760 etque
607 2684 628 2732 a
645 2653 803 2755 Cpsareis
818 2653 961 2729 concessa
974 2654 1063 2753 (quo
1081 2652 1208 2726 nudum
1224 2671 1316 2727 certe
1330 2652 1524 2722 exercitium
1540 2650 1580 2723 nd
1591 2649 1760 2723 summum
1771 2655 1805 2722 in
1819 2651 1979 2748 Templis

503 2759 634 2834 eucehac
651 2753 796 2831 obtentis
812 2751 1022 2853 pertinebat)
1050 2769 1288 2851 provocarunt.
1336 2751 1367 2834 η)
1393 2747 1495 2818 Unde
1516 2750 1702 2822 Catholicis
1723 2753 1758 2820 in
1772 2746 1982 2822 Caesareeno·

472 2853 474 2858 ’
502 2883 568 2932 rum
593 2857 733 2928 demum
754 2852 946 2925 sententiam
966 2846 1143 2945 pertraslta
1164 2849 1301 2942 utrique
1315 2846 1406 2942 parti
1427 2843 1618 2939 Ptojeblum
1641 2849 1736 2944 prius
1759 2851 1981 2918 Trautmant·

500 2951 697 3030 duellionum
721 2950 934 3023 Inllrumenti
951 2952 1043 3018 Pacis
1069 2944 1109 3042 d)
1132 2970 1197 3043 pro
1214 2966 1333 3014 norma
1355 2943 1389 3014 dr
1414 2937 1633 3020 fitndanenro
1657 2940 1794 3041 prorsus
1815 2940 1979 3017 assumere

499 3041 1247 3226 dissidendi‘slmllblll?
1257 3036 1977 3213 :tidini-ld{l‘ldll‘lllltltl

499 3252 800 3350 oppignoretorum
815 3169 1042 3338 retioluendis
1056 3261 1250 3335 conceptum
1266 3234 1453 3317 redditum,
1479 3257 1579 3332 atque
1595 3233 1699 3309 solam
1711 3235 1809 3309 liberi
1826 3237 1977 3309 exercitii

501 3340 747 3448 permissionem
761 3341 934 3413 enuntians
954 3363 1017 3433 pro
1037 3334 1174 3435 pofitiva
1190 3334 1398 3428 reliquorum
1418 3332 1638 3426 denegatione
1648 3334 1724 3432 jure
1739 3336 1861 3407 merito
1878 3332 1980 3407 habe·

504 3467 571 3531 tur;
597 3442 761 3514 moderna
783 3461 917 3535 quoque
936 3437 1121 3506 eorundem
1142 3432 1327 3529 preteritio
1346 3433 1380 3502 in
1395 3429 1539 3502 Tabulis
1561 3434 1653 3506 Pacis
1676 3457 1765 3506 nunc
1785 3429 1978 3515 obveniens,

504 3543 532 3616 in
548 3541 610 3614 illo
626 3532 857 3635 tanquambast
875 3529 1030 3615 fundura,
1053 3532 1206 3628 aequalis,
1232 3532 1301 3600 imo
1316 3527 1455 3624 majoris
1468 3524 1620 3602 efficacit
1636 3529 1761 3627 censeri
1776 3526 1920 3610 debebit,
1936 3553 1978 3604 eo

503 3639 590 3737 qnod
607 3661 695 3709 nune
712 3633 832 3707 dtlerta
847 3634 993 3706 exercitii
1007 3625 1175 3727 permiffin
1190 3625 1369 3725 nequidem
1384 3626 1575 3698 immediate
1596 3651 1615 3698 a
1632 3625 1808 3727 Legepipsn
1821 3629 1979 3700 Dominis

584 3740 637 3810 're
655 3733 866 3833 injungetur,
892 3726 948 3804 sed
966 3725 1104 3804 subditis
1118 3750 1246 3803 tantum
1262 3720 1441 3800 transactio
1464 3722 1505 3799 ab
1525 3723 1646 3800 iisdem
1668 3724 1876 3829 impetranda
1892 3747 1979 3825 pre·

570 3858 658 3913 etttn

1143 3963 1178 4054 e.
1225 3956 1334 4034 xix.

539 4059 543 4068 ¹
614 4106 783 4177 Ceterum
798 4096 888 4197 quod
901 4096 941 4170 ad
960 4091 1234 4198 Jurisdiblionem
1247 4090 1503 4168 Ecclestnstieam
1519 4089 1651 4179 attinet,
1673 4116 1754 4169 vere
1776 4092 1810 4168 dr
1830 4094 1970 4193 proprie

509 4198 622 4278 darn
635 4196 889 4298 Episcopalem,
914 4194 1178 4294 fireantiquam,
1203 4215 1242 4267 ur
1254 4193 1363 4363 qpuptt,
1388 4195 1483 4288 (nam
1499 4215 1584 4269 nott
1607 4218 1683 4272 cum
1697 4198 1780 4294 Jure
1793 4199 1829 4267 T
1831 4190 1981 4282 er'ritorii

1344 4317 1364 4362 a
1935 4314 1978 4368 ex

543 4471 574 4557 ι)
593 4468 673 4536 Ibid.
689 4467 716 4552 ξ.
728 4463 788 4536 Vl.

539 4587 667 4686 olfait
678 4585 744 4651 hoe
755 4583 833 4651 illud
847 4582 936 4665 supra
950 4577 1026 4664 Cap.
1042 4575 1068 4645 1.
1084 4584 1111 4664 ς.
1122 4574 1181 4648 Vl.
1198 4575 1380 4663 allegatum.
1918 4608 1959 4693 ⁴e

541 4710 574 4792 e)
594 4705 689 4778 Cous.
702 4704 779 4791 cap.
791 4701 818 4771 1.
833 4705 860 4785 §.
873 4696 951 4768 xu.
