4950 5567
523 651 592 734 nr
618 649 745 751 June
769 645 1008 730 astucius
1032 647 1311 732 carnotini
1336 647 1486 730 circa
1509 633 1755 736 sacenae.
1823 672 1870 752 n

361 883 364 952 q
461 830 563 928 Cujus
589 831 734 927 Stropha
757 855 875 928 quarta
901 827 943 904 lic
970 827 1079 904 sonat:

520 971 563 1036 Et
577 967 634 1036 bat
646 965 710 1056 fici
723 969 818 1056 Krieg
831 969 893 1036 und
908 969 1013 1037 theare
1025 968 1122 1048 ztir,
1145 964 1199 1034 der
1218 961 1351 1054 Teuffel,
1377 963 1487 1050 Palis,
1517 968 1742 1056 Tiirtltaendere
1757 973 1871 1058 Leuci,
2001 1039 2007 1056 ,
2076 1006 2081 1020 ¹

410 1056 576 1145 willeberc
594 1067 665 1140 sart,
689 1063 752 1130 and
764 1064 831 1132 vicl
844 1063 1010 1153 bedringtt
1033 1063 1106 1131 dccli
1125 1063 1179 1130 liat
1196 1085 1250 1130 ans
1269 1063 1355 1132 deine
1372 1066 1439 1131 Giir
1457 1062 1677 1154 imponentia,
1704 1075 1768 1162 dass
1783 1075 1871 1159 anser
2063 1061 2066 1066 ’

407 1160 571 1344 aa?
593 1160 656 1227 dics
677 1161 829 1249 Gentio,
859 1162 916 1230 nit
939 1157 1047 1249 ansere
1064 1158 1153 1233 Wril
1167 1159 1230 1227 and
1244 1161 1382 1230 Kindm
1405 1159 1483 1248 idcio
1493 1201 1509 1245 ‚
1533 1165 1664 1234 deonoti
1687 1187 1728 1240 cu
1746 1166 1871 1256 fricdcn
1935 1177 1942 1188 '

360 1293 406 1340 t¹
545 1275 608 1344 eya.

453 1443 458 1450 .
516 1383 607 1458 Vide
630 1381 690 1456 sub
713 1380 859 1455 Robrica
882 1406 957 1454 vain
979 1405 1084 1454 nem
1097 1385 1259 1481 jabi&
1284 1383 1410 1482 Jobaan
1433 1391 1564 1480 crit'gm
1590 1412 1648 1459 nea
1669 1392 1873 1482 zageritbrete
2000 1379 2007 1392 ’

407 1482 513 1556 lteris
528 1485 665 1554 Pietatis
681 1481 832 1561 Medica,
858 1484 913 1549 das
928 1479 1120 1573 sseviang
1137 1486 1189 1549 der
1207 1483 1435 1575 Grtrleeltgset't
1450 1488 1482 1552 in
1495 1485 1688 1572 cirqsliclren
1702 1490 1764 1556 and
1780 1487 1872 1577 trost.

408 1587 517 1652 moen
542 1579 700 1672 (selengeo
717 1581 779 1653 &a
802 1591 961 1648 verterant
981 1580 1044 1645 and
1063 1577 1227 1666 vcr'bcffert
1247 1602 1312 1648 von
1336 1585 1428 1649 Peter
1446 1583 1557 1651 storea
1573 1584 1639 1657 &n
1685 1583 1874 1671 Francksen

411 1687 593 1766 amasia,
622 1676 816 1761 viaticatus
835 1677 961 1765 Vctlags
979 1673 1143 1756 Baitiaficr
1159 1674 1313 1768 christoph
1333 1676 1440 1767 Wasts
1467 1687 1570 1765 1693.
1650 1707 1653 1712 ·
1745 1731 1748 1738 .

363 1861 365 1868 .
516 1806 673 1880 Addatut
698 1803 913 1896 Valflrndiges
935 1804 1148 1900 Sabncrbergcr
1173 1804 1292 1906 ὕψι(
1308 1842 1324 1866 ·
1338 1809 1422 1878 lietb
1449 1829 1484 1904 p.
1504 1821 1563 1886 68.
1597 1814 1667 1879 ors
1697 1812 1762 1881 alre
1784 1745 1871 1909 Jahn

361 1939 363 1984 :
410 1905 704 2002 aergangeass&c.
730 1903 816 1996 Μ.
840 1897 887 1971 ib.

519 2037 839 2115 saturationem
855 2036 923 2120 dein
940 2033 1064 2125 heylsam
1083 2038 1193 2116 Warr,
1222 2037 1350 2107 welches
1365 2034 1403 2129 ist
1416 2036 1470 2107 der
1485 2038 1587 2108 Sceleri
1599 2033 1686 2130 Trost
1699 2037 1762 2107 aad
1778 2041 1870 2121 Han,

410 2135 473 2230 [ris
486 2135 593 2224 Palas
608 2137 690 2206 Laba
703 2135 766 2204 ard
773 2132 962 2225 Algoetrercy
974 2135 1065 2202 behiir
1081 2155 1137 2202 ans
1152 2139 1253 2204 Hert!
1274 2137 1336 2204 and
1347 2137 1426 2220 licite
1440 2157 1496 2204 atris
1510 2133 1569 2223 bey.

516 2271 605 2342 lteni
629 2291 703 2340 orm
731 2272 840 2342 Wom
868 2269 977 2335 Garris
1001 2267 1063 2334 und
1088 2266 1143 2335 dtr
1168 2263 1361 2358 cirilllicben
1383 2267 1536 2337 IGrcben:

447 2401 449 2406 ’
523 2400 634 2470 Etdalr
653 2421 709 2468 ans
724 2398 865 2486 Hetrbey
878 2399 994 2467 deiram
1018 2401 1129 2478 Wart,
1154 2398 1216 2465 and
1233 2395 1314 2482 ficar
1330 2398 1382 2467 des
1395 2395 1501 2488 Palsts
1519 2400 1583 2470 and
1600 2397 1739 2488 Ytirtlten
1757 2399 1876 2482 Mors,

421 2493 575 2595 dejesta
592 2493 743 2584 Gdtsstm
763 2497 870 2564 cernei
885 2496 964 2566 Srlm
975 2491 1116 2584 stritrzert
1132 2496 1236 2564 mallen
1249 2516 1314 2564 von
1331 2493 1440 2579 [tinem
1460 2495 1561 2567 Yiron
1577 2497 1640 2572 sic.

523 2620 651 2700 Confer
672 2623 756 2698 aaa
780 2629 868 2699 inter
887 2618 1090 2696 Eminentiss
1106 2619 1295 2695 Eledloretn
1316 2627 1416 2716 Mag.
1432 2621 1660 2696 &Civitatem
1678 2618 1875 2699 Etsordietr·

417 2717 494 2810 len,
519 2747 595 2821 quae
610 2722 742 2796 exhibet
758 2727 902 2798 Fantu
920 2729 1044 2796 snuts-
1056 2724 1314 2810 aarney‘ron.
1328 2745 1388 2808 42.
1408 2743 1437 2791 o.
1456 2744 1489 2789 a.
1511 2744 1545 2791 n.
1565 2745 1594 2791 r.
1620 2716 1712 2816 seqq.

524 2856 604 2924 Nec
629 2852 812 2949 quidquam
836 2854 990 2924 evincunt
1012 2849 1152 2933 subditi,
1176 2848 1200 2921 li
1222 2870 1412 3017 ¹opponant,
1436 2848 1471 2922 id
1495 2872 1599 2944 genus
1618 2847 1795 2920 cantilenas
1817 2843 1877 2920 libi
1946 2917 1953 2928 ,

417 2943 476 3040 jana
487 2971 566 3020 ante
581 2948 614 3020 dr
631 2947 703 3045 ipso
719 2974 805 3021 anno
822 2950 965 3020 normali
978 2943 1158 3018 familiares
1169 2943 1221 3018 'sui
1248 2972 1286 3028 e,
1309 2945 1441 3043 suisque
1458 2946 1551 3018 libris
1570 2942 1758 3041 symbolicis
1777 2942 1878 3016 inser-
1921 3016 1926 3024 ,

419 3063 459 3114 ns
473 3041 558 3125 else,
585 3069 678 3116 mens
719 3051 824 3144 uippe
843 3043 1048 3116 summorum
1064 3041 1297 3114 Paciscentium
1318 3039 1622 3136 osnabrugensrbus
1643 3047 1678 3112 in
1698 3038 1818 3112 tabulis
1835 3063 1878 3114 eo

418 3143 584 3239 precipue
607 3070 761 3224 tetendit,
786 3164 824 3214 ιιι
845 3141 934 3213 reale
954 3135 1090 3210 subdids
1112 3143 1305 3212 exercitium
1322 3141 1471 3235 plenarie
1492 3143 1575 3209 citra
1594 3139 1696 3208 ullam
1719 3134 1880 3208 turbatio·

419 3259 488 3310 neni
508 3239 649 3311 relative
662 3237 703 3307 ad
722 3236 839 3310 statum
856 3239 1080 3309 decretorium
1097 3237 1365 3330 relinqueretur:
1390 3238 1592 3309 Exercitium
1611 3256 1721 3304 autem
1742 3234 1805 3305 hoc
1824 3255 1879 3308 te·

417 3355 540 3416 manet,
569 3333 647 3406 licet
659 3334 823 3428 ejusmodi
839 3332 994 3412 distetis,
1017 3332 1184 3424 Religioni
1201 3333 1384 3404 dominanti
1400 3335 1542 3405 maxime
1555 3329 1808 3412 contumeliosa,
1825 3352 1879 3403 er-

415 3451 624 3524 pungantur,
648 3453 767 3527 utpote
784 3430 902 3526 quibus
920 3429 999 3499 reali
1015 3429 1196 3520 Religionis
1212 3432 1369 3500 exercitio
1386 3430 1433 3499 nil
1449 3429 1598 3510 additur,
1623 3427 1668 3497 nil
1683 3426 1878 3520 derogatur.

416 3527 540 3601 l’lacuit
563 3528 627 3598 hoc
645 3526 713 3621 jam
739 3527 871 3623 pridem
896 3521 1077 3598 Perilluslri
1101 3529 1360 3597 Bonrrnano
1386 3531 1417 3596 in
1442 3532 1518 3624 Jur.
1542 3527 1652 3610 Eccles.
1670 3525 1890 3615 parastatae·

416 3624 538 3696 Placuit
553 3628 812 3696 Talontnsto
832 3628 868 3693 de
882 3628 964 3722 Jare
979 3626 1124 3715 Principis
1147 3627 1225 3691 circa
1244 3626 1458 3716 adiaphoros.
1475 3648 1506 3694 ι.
1556 3622 1683 3692 Plecutt
1702 3622 1774 3691 aliis
1790 3623 1880 3715 paci·

415 3714 483 3792 ficis
505 3717 768 3791 Proteslantibus
789 3716 1059 3815 Juristonsultis,
1096 3714 1311 3787 statuentibus
1334 3721 1367 3787 in
1394 3718 1556 3814 Principia
1585 3716 1748 3787 Catholici
1775 3718 1807 3787 dr
1833 3714 1878 3788 sie

413 3837 547 3914 quoque
562 3813 775 3887 Ecclesallici
796 3812 858 3886 ell'e
882 3812 1059 3910 potestate,
1083 3812 1282 3906 prohibendi
1303 3814 1495 3907 hujusmodi
1517 3814 1713 3895 cantilenas,
1740 3839 1800 3884 ceu
1821 3837 1881 3910 pe·

414 3933 476 3985 tras
492 3912 657 3993 scandali,
684 3911 809 4007 lapides
824 3909 1031 3991 offensionis,
1055 3908 1294 3980 discordiarum
1317 3906 1469 3992 fomites,
1496 3909 1637 4005 publicae
1661 3914 1748 3980 inter
1770 3912 1879 3982 conci·

416 4033 466 4082 res
481 4012 608 4106 quietis
623 4012 764 4079 ruinani.
814 4016 924 4102 Atque
940 4009 1009 4079 ltaec
1027 4029 1090 4102 pro
1112 4008 1236 4096 ingenii
1256 4008 1322 4077 mei
1343 4010 1520 4090 tenuitate,
1546 4007 1734 4102 speciminis
1750 4009 1876 4080 Acade·

416 4110 488 4178 mici
504 4108 600 4184 loco,
627 4103 669 4175 de
685 4127 881 4196 argumento
897 4099 1083 4195 gravissimo
1103 4100 1189 4173 disin
1203 4102 1411 4197 delibataque
1432 4099 1602 4172 sufficiant.
1652 4102 1798 4173 Plurima
1819 4103 1876 4174 ad·

414 4201 474 4275 lue
494 4200 651 4298 presenti
668 4201 709 4270 de
729 4203 863 4270 materia
876 4195 1070 4269 nobilillima
1083 4223 1175 4296 eque
1190 4224 1227 4269 ac
1242 4195 1463 4269 delicatislinta
1477 4194 1623 4292 proferri
1640 4195 1775 4292 pnlsent,
1794 4223 1879 4295 prae·

415 4295 551 4394 scriptos
569 4298 653 4368 milti
670 4293 1026 4367 tamenoifl'ertationis
1042 4295 1162 4366 limites
1177 4296 1274 4386 longe
1290 4295 1497 4390 multumque
1506 4290 1739 4385 transgressore
1761 4299 1878 4366 Unum

418 4397 581 4468 coronidis
603 4395 679 4464 loco
699 4392 873 4485 subjungo:
913 4393 1056 4466 Felicem
1078 4392 1349 4486 Renipublicam!
1399 4387 1477 4462 felix
1499 4392 1702 4490 Imperium,
1734 4391 1789 4460 ubi
1813 4416 1880 4477 una
2026 4407 2044 4474 ζ

418 4491 603 4563 dominatur
618 4492 766 4584 Religio!
786 4511 877 4586 patet
892 4491 925 4558 id
939 4489 1091 4583 exemplo
1109 4490 1245 4571 Galliae,
1263 4487 1326 4559 'suo
1343 4491 1376 4558 in
1393 4493 1509 4580 Regno
1531 4488 1756 4577 Religionem,
1793 4509 1880 4560 cam·

420 4612 477 4685 que
490 4589 725 4659 orthodoxam
739 4613 775 4660 ac
794 4587 999 4660 catholicam
1015 4610 1187 4683 tantopere
1203 4583 1366 4671 foventis,
1393 4587 1617 4660 Calvinianam
1632 4583 1714 4655 oltnt
1728 4584 1761 4653 dt
1776 4589 1880 4660 modo

464 4683 590 4762 Yomus
614 4683 683 4763 W·
1335 4688 1364 4753 L
1770 4683 1882 4783 Janse·
