4950 5567
691 577 762 658 oa
783 573 1013 659 suauitas
1039 573 1315 682 Quontoan
1335 578 1715 662 oratanonatts
1736 583 1805 665 aa.
1926 614 1991 690 nt
2054 631 2059 638 -

464 759 466 766 ⁴
493 762 649 846 exhibita
665 764 849 838 aDomino
864 767 1095 841 Volusiano
1110 789 1141 836 r.
1161 764 1292 866 Aprilis
1312 762 1458 838 liberum
1476 763 1613 840 demum
1633 763 1773 842 subditis
1790 766 1995 846 reluitisRe·

495 867 635 964 ligionis
652 865 848 940 exercitium
862 859 1008 961 (absque
1022 863 1090 937 ulla
1105 885 1216 938 tamen
1228 863 1478 964 Temploruna‚
1502 865 1611 940 multo
1633 869 1745 942 minus
1767 867 1912 942 aliorum
1934 893 1995 942 an-

499 987 682 1049 nexorum,
719 984 776 1036 aur
798 961 970 1039 redituum
993 963 1316 1037 commemoratione
1323 969 1340 1050 i
1369 960 1509 1060 posthac
1539 967 1804 1065 permittendum
1833 963 1996 1066 erprcll'e·

499 1087 586 1140 runt.
614 1063 655 1160 i)
712 1064 798 1159 Quae
828 1058 1009 1136 declaratio
1032 1059 1170 1135 demum
1193 1054 1349 1136 formulae
1372 1060 1644 1138 Cesareanorom
1668 1064 1711 1140 de
1732 1064 1996 1141 Gravatninibut

499 1159 730 1246 Erelefiallicls
742 1160 888 1236 Suecicis
903 1157 1058 1234 exhibite
1071 1159 1192 1234 iisdem
1209 1157 1348 1256 prorsus
1361 1158 1472 1236 verbis
1489 1155 1611 1236 inserta
1629 1158 1704 1236 fuit.
1765 1169 1880 1262 Atque
1903 1164 1990 1240 hane
2013 1141 2025 1160 ἱ

501 1263 658 1360 deinceps
674 1264 730 1338 Su
736 1278 811 1350 ‚tae-t
834 1257 908 1330 aliis
924 1261 1077 1352 Statuam
1096 1264 1138 1332 A.
1154 1261 1193 1334 C.
1209 1253 1420 1334 addillorum
1429 1262 1564 1354 Lagaris
1581 1258 1806 1337 exhibuerunt
1825 1262 1880 1336 die
1898 1285 1994 1340 nav·

502 1359 581 1456 Maji
599 1359 872 1440 Mucxcvn..
903 1357 950 1428 ita
970 1381 1044 1430 cam
1070 1378 1266 1454 conceptam
1287 1353 1351 1430 else
1372 1355 1612 1441 existimantes,
1647 1381 1684 1432 ut
1704 1383 1811 1456 pauca
1830 1357 1992 1434 deiidera·

465 1489 472 1502 .
499 1459 1040 1632 ffffldmifc'ilfigtlllllss
1057 1453 1379 1652 ppupigpppoipitetea
1400 1455 1994 1630 lircumstnntil'olfllffisbidem

637 1583 659 1628 ῃ
1166 1580 1186 1623 n
1297 1579 1505 1628 tutaminum
1526 1580 1604 1630 vora
1640 1582 1660 1631 e
1769 1581 1838 1630 entr
1863 1581 1921 1642 ua,
1950 1581 1996 1634 ne

498 1657 585 1732 ultra
607 1651 700 1729 luam
716 1652 903 1725 ultimatam
921 1648 1180 1724 declarationem
1203 1649 1341 1749 posthac
1361 1676 1599 1747 gravarentur,
1617 1680 1673 1729 aut
1690 1656 1731 1728 ad
1747 1654 1917 1729 deteriora
1938 1681 1997 1729 nr*

497 1769 660 1852 gerentur
680 1755 738 1850 d),
763 1745 983 1826 Protellanres
1000 1752 1111 1830 Status
1134 1747 1175 1821 ab
1190 1750 1412 1848 amplioribus
1433 1748 1500 1824 suis
1519 1753 1742 1828 anterioribus
1768 1751 1943 1854 postularia
1959 1753 1996 1829 se

499 1845 675 1934 reeelllll'e‚
698 1851 735 1924 dt
755 1847 815 1922 soii
830 1848 1010 1930 esuritio,
1037 1843 1103 1920 fine
1115 1845 1272 1920 ulteriori
1287 1849 1356 1924 nlla
1377 1850 1587 1936 conditione,
1626 1849 1824 1950 acquieville
1844 1850 1997 1938 ostendes

498 1955 588 2026 t'atlat.¹
636 1953 732 2024 Nam
750 1950 785 2020 in
805 1944 870 2020 suia
889 1945 930 2018 ad
944 1945 1030 2020 hanc
1045 1941 1227 2018 formulam
1244 1943 1516 2022 Cesareanorum
1529 1951 1635 2024 Notis
1649 1955 1750 2045 quoad
1773 1975 1873 2024 rmatta
1881 1962 1998 2026 Meu·
2069 1969 2072 1974 '

499 2051 583 2124 han
601 2046 754 2146 ejusdem
775 2046 926 2120 Numeri
945 2041 987 2114 de
1003 2047 1162 2118 minitione
1182 2042 1350 2118 bonorum
1365 2049 1671 2147 oppignorarorum
1694 2047 1901 2146 disponentis
1921 2072 1997 2123 cor·

499 2145 688 2226 callionem
714 2143 821 2238 magis
843 2140 1147 2236 grammaticalem,
1185 2165 1287 2240 quam
1312 2153 1552 2241 pragmaticam
1574 2145 1781 2246 adjiciendo,
1820 2145 1871 2219 rel

1910 2169 1995 2222 llum

498 2246 569 2348 ‘2⁴⁰⁸
590 2267 739 2327 tutum,
774 2264 814 2314 ιθ
833 2245 964 2314 alteram
989 2240 1159 2340 precipue
1182 2243 1368 2314 Membrana
1391 2242 1434 2315 de
1456 2243 1634 2337 Religione
1654 2241 1864 2318 subditorum
1873 2171 1996 2343 ¹lispo-

501 2369 603 2430 nena,
626 2341 781 2438 nihilque
799 2337 841 2411 de
855 2337 1032 2439 Templis,
1057 2336 1293 2414 multominus
1316 2343 1470 2422 annuis,
1500 2339 1645 2437 scholia,
1678 2337 1933 2416 fundationibus
1954 2367 1994 2416 ac

505 2439 665 2518 reditibus
689 2457 955 2514 commemorans
982 2431 1070 2510 haud
1096 2432 1197 2508 dubie
1219 2434 1416 2533 approballe
1435 2437 1621 2514 censentur.
1687 2443 1731 2512 Et
1753 2439 1993 2525 nihilominus.

503 2541 747 2714 punnelcitun
764 2531 850 2616 .ftto
870 2534 1031 2628 contigit,
1063 2529 1244 2632 (fiquidem
1268 2533 1413 2632 desuper
1436 2535 1566 2607 nullum
1590 2535 1763 2607 ulterioris
1784 2535 1993 2612 trall'ationia

525 2643 660 2740 einceps
679 2633 853 2731 relligioni
867 2627 1058 2734 reperitur)
1077 2654 1114 2704 ut
1127 2633 1161 2704 in
1178 2626 1327 2704 formula
1339 2629 1611 2706 Caesareanorum
1626 2629 1772 2729 Projebli
1789 2631 1993 2708 Instrumen-

503 2741 634 2814 til'acis
653 2738 813 2812 Dominis
829 2734 974 2806 Suecicis
996 2731 1130 2824 Lagaris
1145 2731 1180 2801 in
1195 2727 1263 2803 fine
1279 2727 1368 2826 Maji
1384 2728 1424 2802 ab
1438 2729 1559 2803 iisdem
1585 2728 1752 2814 exhibito,
1783 2727 1816 2803 dt
1840 2751 1911 2803 111.
1932 2733 1993 2829 Ju-

504 2841 548 2910 aii
571 2836 709 2939 publice
724 2832 850 2906 dillato
867 2827 939 2929 poll
955 2835 980 2925 ly
995 2835 1194 2925 permittatur
1211 2823 1280 2901 sola
1299 2829 1369 2903 laec
1390 2827 1492 2904 uerba
1512 2831 1548 2902 in
1571 2824 1640 2904 fine
1657 2831 1843 2925 incongrue
1862 2825 1992 2930 adjella

505 2935 675 3038 legantur:
699 2941 738 3010 ln
758 2935 888 3032 Templis
900 2932 1027 3004 antebac
1047 2928 1177 3003 obtentis
1193 2929 1237 3024 c).

1153 3163 1187 3258 r.
1237 3155 1343 3240 νυ.
1482 3149 1485 3154 ·

617 3331 796 3414 Ηεᾶειιιιι
817 3335 906 3408 inter
926 3331 1056 3430 reliqua
1072 3331 1277 3406 Gravamina
1295 3326 1518 3404 Eccleliallica
1541 3327 1616 3426 pari
1637 3321 1711 3401 fere
1731 3319 1825 3426 pall'u
1846 3321 1992 3424 puniltta
2103 3323 2106 3328 ’

506 3435 561 3516 ille
575 3438 766 3531 Religionis
780 3429 989 3506 subditorum
1004 3429 1113 3503 soluto
1128 3431 1281 3526 pignoris
1296 3452 1382 3501 nexu
1395 3429 1436 3501 ad
1450 3431 1617 3500 Dnminos
1641 3422 1718 3500 suos
1741 3424 1909 3506 naturales
1933 3447 1992 3499 aur

509 3535 654 3612 ainana
677 3532 918 3607 revertentium
939 3553 1005 3601 una
1026 3553 1104 3601 cum
1128 3525 1255 3627 punllo
1275 3529 1479 3599 autonomie
1496 3524 1683 3623 generalis,
1715 3524 1795 3596 licet
1820 3519 1992 3596 differenti

509 3635 641 3738 semper
654 3628 882 3736 dispofitione,
905 3624 1128 3730 pertrailatua
1144 3621 1220 3699 fuir.
1264 3629 1365 3798 l{ipen
1380 3650 1462 3700 vero
1474 3625 1594 3720 Legati
1607 3618 1749 3698 Celarei
1764 3615 1931 3695 facilitatis
1945 3623 1994 3738 ni·

1351 3749 1372 3795 2
1445 3753 1449 3760 '
1916 3743 1994 3798 Μ

545 3903 584 3990 b)
604 3901 735 3970 Confer.
751 3897 942 3965 urrann
958 3895 1055 3962 Tota.
1076 3892 1133 3962 IV.
1151 3891 1218 3958 Lib.
1236 3889 1342 3958 XXV.
1365 3892 1395 3972 §.
1411 3889 1534 3958 XXVI.
1546 3907 1619 3974 pag.
1632 3907 1705 3972 ²09·
1719 3887 1753 3952 in
1769 3886 1896 3952 verbis:
1918 3885 1992 3962 „Et

621 3983 794 4069 „quamvis
811 3981 953 4048 Domino
963 3977 1085 4042 diredbo
1099 3979 1229 4041 liberum
1244 3973 1305 4037 elia
1318 3975 1430 4037 debeat
1445 3976 1476 4037 in
1491 3971 1676 4053 hujusmodi
1688 3981 1787 4035 terrac
1797 3972 1993 4054 oppignora-

618 4081 695 4146 „tas
706 4068 745 4130 ad
761 4065 792 4128 se
804 4061 943 4129 reversas
957 4061 1019 4124 snae
1033 4060 1209 4142 Religionis
1223 4058 1412 4122 exercitium
1432 4056 1558 4138 publice
1572 4055 1792 4126 introducere,
1814 4053 1929 4117 incolas
1944 4063 1995 4113 ta·

620 4146 761 4228 „menda
776 4147 889 4210 subditi
897 4145 992 4217 suam,
1008 4163 1100 4226 quam
1116 4143 1167 4204 sub
1181 4141 1279 4224 priori
1293 4135 1655 4222 polseffpreltujusmodi
1665 4147 1817 4222 tertarum
1830 4155 1851 4196 o
1875 4137 1993 4216 pigno-

621 4242 785 4310 „ratarum
801 4227 940 4312 amplexi
958 4225 1100 4299 fuerant,
1119 4224 1321 4306 Religionem
1334 4219 1475 4286 deserere
1487 4237 1554 4283 non
1567 4231 1743 4303 cogantur,
1757 4215 1842 4302 sedi
1861 4221 1912 4282 itas
1921 4216 1994 4280 laba·

621 4317 910 4394 ..numerantium
925 4308 996 4396 ipfir
1007 4309 1217 4390 permittatur.

546 4436 581 4521 c)
602 4431 734 4500 contar.
750 4431 832 4495 idern
847 4430 922 4494 loco
936 4429 990 4492 cit.
1004 4446 1075 4510 pag.
1087 4444 1159 4509 540.
1173 4420 1346 4490 ubieadent
1362 4415 1488 4503 prorsus
1500 4416 1598 4483 verba
1608 4415 1818 4504 reperiuntur.
1893 4475 1896 4480 .

546 4553 586 4636 d>
606 4550 737 4616 Confer.
752 4549 833 4613 idern
846 4546 911 4612 loc.
927 4546 982 4609 cit.
997 4564 1068 4628 pag.
1085 4561 1156 4626 499.

542 4675 575 4754 c)
597 4667 729 4736 Confer.
748 4667 934 4734 Metuant
948 4661 1045 4736 Tan.
1064 4662 1121 4734 lv.
1136 4661 1206 4730 ln‘b.
1221 4655 1327 4726 XXX·
1346 4653 1374 4741 l.
1387 4652 1430 4724 II.
1447 4674 1520 4742 pag.
1537 4653 1610 4741 569.
