4950 5567
538 448 611 527 DE
636 445 766 547 JURE
787 450 855 527 ET
878 453 1028 534 PRAXl
1050 457 1200 539 CIRCA
1215 461 1389 550 ,sacua
1414 468 1471 549 lN
1490 470 1689 556 CASTRO
1706 482 1773 564 dre.
1823 495 1901 592 tra·

418 647 551 711 mann,
574 651 612 701 ut
634 626 712 703 boni
734 626 875 706 feudalia
894 639 1092 711 Dominium
1110 637 1234 715 tribuat
1251 647 1309 716 nni
1332 643 1459 747 solique
1484 658 1632 740 Domine,
1681 685 1759 735 uem
1778 688 1899 741 vocant
1943 731 1947 740 .

416 731 563 809 virello,
588 726 722 798 vasallo
746 753 856 802 autem
879 735 1006 807 nonnifi
1036 738 1253 829 nsrimfrnllnm
1279 740 1370 814 illius
1394 749 1620 838 qualificatrim,
1652 682 1709 829 deu
1736 768 1901 835 Germani·

413 845 496 894 tan.
514 825 546 908 c)
598 827 684 895 Cum
695 828 798 916 igitur
807 825 1056 905 usufrubluario
1071 833 1212 905 alienam
1227 860 1245 904 a
1263 861 1373 912 mente
1389 847 1609 936 proprietarii
1624 850 1838 946 Religionem
1854 861 1905 930 in·

412 916 597 991 troducere
618 921 806 993 nullatenus
821 924 936 1008 liceat,
961 930 1124 1024 idneque
1140 930 1275 1005 Vasallo
1295 940 1378 1007 citra
1393 941 1532 1010 Domini
1548 942 1750 1021 eonsensum
1775 953 1900 1029 licebit.

409 1016 559 1091 Accedit
568 1020 618 1103 jn
631 1019 818 1111 reformandi
836 1045 951 1093 novam
966 1028 1062 1097 unice
1077 1021 1210 1098 fundari
1226 1032 1260 1099 in
1279 1031 1449 1105 decantato
1464 1039 1654 1112 Lemmate:
1680 1052 1831 1118 Dominus
1846 1059 1905 1124 Ra·

402 1116 513 1206 gineis
533 1113 575 1195 est
591 1119 683 1185 etiam
698 1122 847 1185 Dominus
863 1126 1046 1213 Religionis,
1073 1145 1149 1192 tum
1177 1128 1281 1216 igitur
1297 1129 1444 1202 vasallus
1462 1134 1640 1222 Regionis,
1666 1165 1768 1233 quarn
1793 1142 1903 1218 infeu-

408 1207 498 1280 dum
523 1231 630 1290 tener,
658 1218 840 1303 regulariter
863 1219 1031 1292 Dominus
1051 1241 1120 1290 non
1148 1216 1209 1307 fit,
1235 1221 1386 1298 Vasallua
1411 1251 1478 1326 qua
1497 1228 1670 1319 vasallus,
1694 1236 1771 1332 jure
1793 1237 1902 1319 refor-
1936 1291 1940 1300 ·
2010 1221 2020 1238 ⁰

407 1304 532 1378 mendi
553 1304 642 1378 band
668 1307 838 1399 gaudebit.

449 1459 491 1544 a)
515 1457 678 1542 Prtecipne
695 1462 837 1544 Gylman.
854 1459 1017 1547 Symphor.
1033 1463 1120 1531 Pari.
1136 1481 1166 1533 1.
1189 1466 1272 1536 Yam.
1294 1489 1322 1537 1.
1343 1471 1403 1539 tn.
1415 1496 1447 1560 3.
1474 1477 1544 1545 Vn.
1558 1496 1590 1547 2.
1605 1501 1635 1547 n.
1653 1497 1703 1565 15.
1722 1483 1802 1569 seqq.
1817 1529 1826 1560 ,
1845 1488 1901 1555 nbi

529 1541 655 1615 scribit,
678 1542 711 1623 S.
732 1548 828 1608 unbin
845 1543 948 1620 loldtrn
968 1545 1090 1623 Rtitbtn
1115 1561 1150 1614 rt.
1174 1553 1399 1634 comprehendi
1423 1578 1556 1633 omnes,
1578 1561 1612 1625 Cr
1626 1564 1766 1646 linguloa
1790 1571 1901 1634 imma-

526 1624 634 1687 diator
648 1624 780 1688 Nobiles
792 1644 853 1685 una
872 1645 943 1687 curn
964 1625 1109 1700 subditis,
1128 1625 1162 1689 dc
1177 1631 1265 1713 posse
1278 1654 1356 1709 coa,
1378 1643 1505 1718 quoties
1525 1643 1670 1716 libuerit,
1693 1647 1896 1732 Religionem

527 1714 650 1769 mutate
661 1707 754 1768 trioni
768 1708 802 1767 in
815 1704 918 1785 findis
930 1706 968 1768 ab
983 1707 1177 1791 Ecclefiastico
1193 1715 1287 1777 Statu
1297 1717 1531 1798 dependentibus
1546 1743 1557 1793 ,-
1580 1728 1666 1805 quod
1682 1729 1776 1792 larius
1788 1730 1898 1813 prose·

528 1797 669 1867 quantur
681 1786 869 1879 Bidenbatl,
893 1785 1028 1882 Knirlren
1040 1789 1102 1852 &c
1116 1809 1165 1869 ap.
1179 1794 1419 1877 Breitstlivverd.
1434 1803 1576 1868 Conlilio
1592 1807 1628 1869 te
1637 1808 1710 1891 jura
1725 1812 1897 1884 immediati

534 1866 663 1932 Ordinis
677 1865 796 1951 Equefl.
809 1885 889 1930 ciria
906 1868 1100 1931 Exertrtrnm
1115 1871 1214 1958 [relig.

451 1985 493 2069 θ)
514 1982 692 2048 illustrator
711 1982 860 2047 Vitrinii
872 1981 941 2044 Lib.
959 1982 1025 2046 III.
1043 1987 1093 2048 n't.
1109 2005 1158 2068 19.
1175 1990 1208 2070 S.
1224 2011 1276 2072 41.
1294 1991 1358 2059 Lit.
1375 2014 1406 2059 o.
1495 1974 1504 1990 l

451 2102 489 2186 e)
510 2099 642 2165 illustria
653 2099 689 2164 L.
709 2099 746 2163 B.
761 2100 801 2161 de
824 2096 1029 2181 Semninng
1051 2104 1085 2162 in
1109 2101 1223 2166 Primis
1236 2108 1323 2169 lineis
1333 2108 1436 2189 Q‘Jnrir
1446 2108 1559 2190 fradui.
1574 2116 1608 2177 in
1626 2116 1847 2199 Prolegomenir
1867 2119 1895 2202 l.

533 2202 583 2246 11.
600 2181 639 2246 Θ
655 2194 701 2255 18.
714 2185 750 2245 it.
769 2180 853 2273 Pori.
870 2179 891 2241 I
895 2181 917 2242 1.
939 2181 1010 2261 Cup.
1024 2202 1062 2274 Ι7.
1078 2182 1110 2258 §.
1131 2202 1201 2276 ψ.
1222 2184 1262 2249 Θ
1270 2186 1354 2272 seqq.
1371 2189 1409 2253 t'r
1430 2193 1515 2258 Part.
1534 2195 1581 2260 ΙΙ.
1607 2197 1679 2281 Cap.
1702 2218 1751 2266 12.
1773 2206 1805 2284 ς.
1822 2203 1896 2287 3³⁶·

533 2262 745 2328 RELZIUS
757 2255 880 2343 Drfflrt.
894 2258 1044 2341 defendar
1060 2262 1168 2328 oblatis
1183 2270 1212 2346 §.
1227 2286 1258 2347 5.

445 2379 497 2469 i)
516 2381 553 2445 ld
571 2382 657 2462 quod
670 2380 765 2443 etiam
778 2380 881 2442 innuit
893 2377 990 2460 ipsum
1003 2378 1031 2452 J.
1053 2378 1085 2443 P.
1101 2380 1141 2445 0.
1156 2379 1324 2477 ABR-V.
1339 2381 1364 2465 q.
1379 2402 1448 2479 43„
1467 2388 1506 2448 ad
1520 2406 1613 2468 quem
1629 2392 1827 2460 HENNJG·
1842 2398 1893 2466 qt·

527 2465 558 2526 d.
575 2465 621 2525 ita
638 2462 860 2532 ratiocinatur,
886 2462 919 2522 in
935 2463 1060 2524 verbis:
1092 2462 1188 2525 Nemo
1199 2461 1294 2544 [petre
1311 2463 1454 2528 Dominii
1472 2468 1596 2542 urrant,
1625 2475 1670 2534 vai
1690 2479 1775 2540 utilis
1788 2478 1843 2558 jus
1857 2482 1893 2543 in

519 2540 618 2630 sendo
632 2539 822 2624 reformandi
836 2540 895 2622 fibi
908 2551 1052 2625 arroget,
1072 2542 1130 2627 nist
1146 2543 1182 2607 de
1192 2545 1267 2626 jere
1288 2543 1453 2610 lerritorii
1465 2548 1509 2612 ad
1516 2548 1551 2632 se
1566 2570 1631 2615 inin
1638 2551 1736 2636 fendo
1752 2558 1804 2619 ilio
1816 2577 1893 2642 pn·-

527 2625 637 2692 timii
651 2624 753 2688 tomi
763 2621 859 2707 pofflt.

1067 2784 1102 2869 §.
1150 2777 1242 2852 XV.

531 2954 608 3023 Nec
629 2945 756 3030 obstat,
780 2947 870 3041 quod
889 2944 953 3019 suis
976 2946 1064 3020 bisce
1081 2951 1182 3020 armis
1197 2973 1271 3043 quae
1291 2950 1324 3018 in
1347 2949 1427 3021 alios
1446 2949 1623 3048 usurpant,
1647 2948 1775 3025 sibimet
1794 2953 1875 3050 jugo
1928 2991 2078 3066 solvqm

403 3047 485 3124 lum
513 3073 628 3145 perere
652 3047 827 3118 videantur
849 3052 970 3140 Imperii
996 3055 1121 3128 Status,
1146 3047 1272 3117 cum&
1295 3046 1355 3141 ipsi
1379 3045 1513 3139 insignia
1540 3048 1854 3145 plerumque'feudi
1870 3081 1888 3127 a
1903 3077 2047 3157 objeffio

406 3147 622 3238 conflatiles,
646 3140 901 3235 recognoscant,
928 3169 945 3213 a
970 3143 1089 3239 quibua
1116 3167 1225 3214 tamen
1253 3145 1286 3211 in
1312 3139 1571 3216 Reformationis
1598 3154 1752 3238 negotio,
1780 3151 1885 3221 duan·
1902 3161 2041 3238 petitae
2105 3193 2109 3200 ·

406 3245 525 3324 nexio,
549 3266 665 3312 manua
681 3242 776 3332 ligari
794 3236 848 3309 fibi
867 3240 954 3309 hand
972 3243 1162 3335 patiuntur,
1188 3261 1244 3309 aut
1258 3264 1356 3330 ergo,
1377 3242 1570 3409 quodjuris
1588 3247 1620 3311 in
1636 3243 1717 3313 alios
1731 3244 1884 3330 statuunt,
1900 3241 2035 3384 qaritate

408 3335 647 3430 eodemnipfi
663 3360 815 3418 utuntur,
841 3360 898 3407 aut
915 3338 996 3405 alios
1014 3339 1085 3431 puri
1103 3334 1212 3406 secum
1228 3333 1391 3406 beneficio
1411 3363 1471 3431 per
1489 3342 1541 3408 rni
1557 3336 1667 3409 sinant.
1721 3347 1814 3413 Nam
1835 3371 1849 3414 1
1867 3348 1886 3437 )
1923 3331 2060 3390 ‘⁸⁰⁰²

406 3438 483 3510 htrc
508 3433 653 3530 objeffio
669 3437 830 3528 ,recoquit
855 3435 1078 3528 equalitatem
1102 3433 1221 3514 illam,
1246 3431 1313 3526 jam
1340 3431 1438 3528 supra
1458 3437 1491 3504 in
1517 3430 1629 3506 fumos
1654 3438 1746 3509 abire
1770 3438 1883 3514 visam.

405 3532 545 3606 Deinde
560 3534 638 3606 litet
654 3540 760 3605 Status
775 3554 793 3599 a
807 3537 899 3601 Statu
923 3555 1026 3600 terras
1044 3529 1201 3626 quasdam
1225 3530 1302 3623 jure
1324 3528 1534 3601 beneficiario
1561 3556 1690 3618 tenear,
1716 3536 1749 3605 id
1776 3559 1886 3620 tamen

407 3653 479 3704 non
504 3630 602 3701 aliter
617 3629 794 3719 contingit,
818 3651 917 3721 quam
940 3623 1026 3697 salva
1046 3627 1203 3722 qualitate
1223 3633 1348 3706 Status,
1372 3627 1571 3724 juribusque
1592 3633 1750 3723 Imperii,
1773 3659 1809 3704 ac
1826 3639 1886 3708 Su·

405 3724 852 3825 perioritateTerriroriali,
875 3748 949 3817 quae
960 3727 1073 3794 oritur
1087 3747 1124 3793 ex
1141 3722 1327 3815 Compleru
1342 3724 1534 3815 Regillum,
1561 3750 1660 3820 quem
1677 3732 1786 3800 Status
1804 3757 1885 3802 non·
1983 3755 1993 3780 ⁴

405 3821 469 3898 nifi
484 3821 526 3894 ab
542 3827 709 3920 Imperio,
735 3847 753 3891 a
771 3818 829 3890 suo
845 3818 1002 3890 Conssatu
1021 3842 1131 3890 autem
1147 3818 1229 3889 solas
1244 3842 1368 3900 terras,
1394 3819 1618 3910 recognoscit3
1633 3823 1683 3916 a)'
1697 3829 1783 3896 Cum
1799 3853 1883 3921 pra·

406 3943 502 3993 terea
518 3918 683 4015 ejusmodi
697 3920 789 4004 ferdi
804 3912 916 4012 paffim
931 3914 991 3986 lim
1006 3920 1122 3995 ablata,
1149 3917 1345 3987 Territorio
1359 3939 1466 3987 aurem
1483 3922 1515 3986 in
1534 3913 1671 3989 fundum
1687 3922 1798 3993 oblato
1814 3922 1885 4019 ipsa

405 4020 597 4092 Territorii
615 4017 838 4111 Superioritm
857 4013 946 4083 haud
971 4009 1206 4093 transferatur,
1233 4016 1361 4108 quippe
1383 4015 1472 4108 quod
1494 4011 1668 4108 specialem
1693 4017 1882 4110 pailionem

404 4115 626 4213 requirit,b)
650 4118 759 4184 Statua
785 4110 920 4180 alterius
936 4109 1108 4181 Conllatus
1123 4108 1273 4180 Vasallus
1298 4109 1404 4179 adhuc
1429 4111 1543 4180 eadem
1566 4114 1705 4203 gaudet,
1731 4116 1882 4209 proin&

405 4211 485 4309 jure
497 4205 704 4283 reformandi
724 4207 822 4299 hujus
838 4206 927 4278 velut
943 4203 1058 4278 tcllcra
1079 4232 1114 4277 ac
1136 4203 1337 4302 pedillequa.
1389 4210 1464 4300 Qua
1487 4207 1519 4279 dt
1538 4213 1677 4280 Nobilem
1694 4205 1823 4303 fulgere
1838 4211 1881 4284 fi·

406 4314 486 4408 quia
500 4306 569 4382 fine
580 4307 714 4380 Circulo
730 4303 907 4400 probatum
923 4302 1072 4395 dederit,
1096 4299 1255 4373 facillime
1267 4302 1372 4395 jungo
1391 4304 1550 4377 dextram.
1598 4308 1640 4376 Et
1657 4309 1807 4402 nunquid
1821 4310 1881 4382 de·

404 4431 504 4484 mum
520 4408 629 4482 Statua
643 4406 784 4502 Imperii
797 4423 953 4501 tanquam
970 4397 1308 4597 summ'qulqcihsqqnqea
1323 4422 1506 4498 potuerunt
1523 4424 1637 4475 mutua
1651 4406 1881 4577 Conuentiquq
