4950 5567
389 665 393 694 ,
484 551 501 664 J
604 610 677 712 ,4⁶
1064 582 1644 676 urssuuusum

718 775 992 864 coujes’tursmus,
1014 789 1088 838 cum
1102 769 1138 838 dr
1157 768 1371 837 Proteitautes
1387 765 1498 835 Status
1514 766 1625 834 inillis
1639 764 1834 862 formalibus
1851 765 1901 835 uli
1921 767 2026 848 aliud,
2041 767 2091 842 πθ

718 866 776 943 Jus
798 863 881 924 circs
905 854 1000 923 Sscrs
1023 855 1078 921 ilbi
1107 856 1271 920 vindicare
1297 862 1465 928 curarent,
1493 851 1569 917 hinc
1602 851 1797 918 constatibus
1834 853 1880 918 ob
1915 855 2088 938 parinum,

693 983 695 987 ν
744 943 811 1011 uod
830 939 932 1006 modo
952 937 1097 1040 proJure
1118 936 1265 1002 Statuum
1280 934 1441 999 communi
1464 934 1499 998 iu
1512 934 1643 1018 publico
1665 933 1887 1012 declsrsrunt,
1912 935 2022 1002 rursus
2035 941 2092 1004 sui·

614 1063 618 1074 ·
716 967 821 1101 serre,
844 1042 905 1100 nec
920 1021 1057 1088 alienum
1076 1018 1195 1084 sensum
1210 1019 1304 1083 distis
1327 1017 1392 1081 illis
1414 1014 1569 1099 effingere
1612 1026 1755 1092 oterant:
1777 1017 1862 1082 adde
1885 1021 2092 1088 vocsbulsis

721 1110 803 1179 Art.
826 1105 863 1170 V.
882 1103 908 1187 ς.
927 1123 980 1186 4ο.
1000 1103 1199 1188 reperienda,
1221 1100 1365 1167 Statibus
1377 1099 1567 1163 immediatis
1581 1037 1650 1165 Cve
1666 1097 1899 1186 Eccisfiastict's,
1923 1101 1997 1169 five
2009 1103 2092 1169 Secu·

610 1239 614 1247 .
721 1192 842 1258 iuribus
856 1186 921 1252 dcc.
942 1206 999 1271 per
1021 1181 1423 1267 commisissemus&
1445 1179 1554 1245 Stalai
1575 1182 1770 1257 immediato,
1789 1184 1837 1248 ob
1858 1187 2092 1268 generantum

721 1273 839 1339 horum
853 1267 1049 1334 exclnfivsm
1061 1269 1094 1332 iu
1106 1266 1172 1331 hoc
1191 1265 1311 1350 punito
1325 1273 1438 1326 eontra
1456 1263 1646 1328 catholicos
1660 1263 1794 1348 amplius
1811 1285 1852 1331 ur
1876 1285 1937 1330 ere
1952 1287 2020 1333 uon
2035 1288 2092 1352 per·

722 1354 900 1427 mittentis3
924 1350 1023 1414 Porro
1036 1369 1109 1414 cum
1121 1368 1183 1430 uec
1196 1349 1306 1431 praxis
1323 1344 1459 1409 desuerit
1477 1346 1510 1408 iu
1531 1344 1721 1421 Germania,
1742 1344 1816 1412 astu
1863 1347 2033 1415 athalicos
2044 1373 2092 1415 ex·

625 1489 631 1502 .
723 1434 855 1506 ercuill'e
868 1435 901 1497 iu
916 1432 1057 1498 subditos
1078 1432 1119 1495 Α
1133 1432 1168 1496 C.
1182 1430 1328 1496 addition
1343 1426 1603 1502 Jnrisdittionen
1621 1427 1709 1492 illam
1729 1425 2008 1508 Ecclesiasticsm,
2028 1432 2091 1497 iu

723 1516 888 1585 adimenda
903 1536 940 1578 ea
956 1511 1146 1597 cogitssseut
1161 1512 1270 1576 Status
1288 1509 1518 1585 Protestsutes,
1539 1509 1673 1583 clarius,
1692 1509 1744 1573 sed
1754 1529 1823 1575 uon
1836 1512 1870 1576 iu
1884 1523 1960 1578 tam
1976 1534 2091 1598 genera·

723 1599 846 1667 liffimis
858 1598 1019 1670 terminis,
1040 1596 1112 1658 dats
1127 1595 1204 1658 sliss
1219 1594 1342 1677 insuper
1358 1591 1477 1673 ubique
1498 1590 1758 1656 inlustruneeuto
1777 1613 1855 1680 erga
1867 1595 2037 1662 comitatus
2048 1596 2092 1670 Ju-

723 1687 807 1748 rium
831 1678 984 1754 Paritstc,
1003 1679 1094 1760 loqui
1114 1676 1311 1753 debuissent,
1333 1672 1368 1738 dc
1387 1672 1556 1755 quomodo
1598 1694 1642 1740 ax
1660 1673 1715 1740 ills
1732 1673 1828 1742 aliam
1847 1679 1996 1762 patietur
2010 1682 2093 1744 iuter·

723 1764 956 1851 pretationem,
976 1780 1049 1826 cum
1064 1758 1143 1825 Sole
1160 1761 1335 1825 meridiano
1349 1755 1465 1820 clarior
1483 1754 1522 1820 fit
1534 1695 1598 1840 ipCs
1618 1755 1797 1833 conceisw,
1818 1759 1854 1824 in
1871 1761 1987 1826 verbis
2005 1763 2092 1845 polite

658 1907 661 1913 .
724 1843 954 1934 paciamini
1010 1846 1090 1915 ium,
1112 1843 1191 1905 item
1208 1843 1286 1905 salli
1302 1839 1476 1904 immediato
1492 1836 1601 1903 Status
1606 1882 1617 1914 ,
1639 1858 1712 1921 quae
1723 1839 1848 1905 nullum
1861 1843 1963 1926 plene
1976 1842 2094 1908 dubium

724 1931 930 2008 relinquunt,
985 1944 1042 1989 eus
1056 1923 1299 1988 Protestautium
1318 1921 1371 1985 hie
1387 1922 1490 1982 enims
1503 1920 1588 2004 pesti
1602 1923 1680 1993 erit,
1702 1921 1826 1985 constet
1838 1923 1968 2006 igitur,
1984 1927 2018 1990 id
2035 1947 2096 1988 mo·

725 2011 771 2074 do
785 2006 900 2091 egisse,
922 2026 963 2070 ue
981 2007 1149 2070 occasione
1166 2003 1403 2079 Jurtsdtttionis
1422 2001 1508 2065 illius
1523 2001 1747 2066 Ecclefissticae
1760 2003 1898 2070 subditis
1917 2008 2038 2090 aliquid
2054 2011 2095 2071 iu·

725 2094 931 2176 jungeretur,
955 2087 1041 2168 quod
1055 2087 1248 2169 Augustanos
1259 2083 1455 2151 Conseffioni
1467 2085 1523 2148 vel
1535 2082 1737 2150 couscientiae
1749 2104 1826 2170 repu
1875 2101 1966 2164 aret,
1984 2090 2097 2173 &qus-

726 2194 764 2239 re
785 2167 1028 2256 prospexissent,
1046 2189 1088 2231 na
1112 2168 1152 2232 ali
1176 2171 1231 2232 uid
1249 2166 1417 2236 occslioue
1433 2164 1668 2241 Jurisdiilionis
1687 2167 1826 2232 Ecclelis
1854 2171 1919 2235 icae
1937 2175 2097 2253 continue·

726 2265 797 2320 ret.
819 2254 921 2316 finec
940 2252 995 2314 ills
1016 2250 1079 2335 ipss
1097 2249 1132 2314 dt
1155 2189 1297 2316 {tatibus
1317 2247 1494 2314 Catholicis
1515 2270 1560 2313 ex
1580 2262 1687 2336 mente
1708 2248 1941 2333 paciscentium
1961 2241 2097 2319 conestls

727 2335 852 2409 suisset,
871 2355 890 2395 a
902 2333 1070 2416 posteriori
1081 2336 1142 2397 vix
1154 2352 1293 2415 unquam
1307 2332 1437 2394 solidius
1450 2344 1688 2411 argumentum,
1710 2352 1801 2415 quam
1815 2332 1884 2400 hoc
1898 2336 2034 2401 formeri
2046 2358 2097 2421 po·
2123 2277 2125 2424 ⁴

726 2420 822 2490 terit,
843 2416 897 2481 ubi
919 2416 957 2479 sb
975 2413 1041 2478 hoc
1063 2415 1103 2478 sd
1126 2416 1212 2477 aliud
1235 2426 1311 2478 tuto
1327 2413 1518 2477 concludere
1538 2414 1694 2479 valemus.
1736 2413 1883 2484 Ulterius
1907 2431 2028 2484 votum
2049 2422 2096 2484 ali·

727 2501 817 2583 quod
835 2498 945 2564 Status
960 2497 1000 2562 A.
1017 2496 1053 2562 C.
1072 2497 1187 2562 addisli
1201 2498 1234 2561 iu
1251 2495 1445 2561 colles'tioue
1465 2497 1585 2578 einiger
1599 2493 1756 2643 Srirglm
1773 2516 1835 2562 voa
1853 2499 1914 2564 der
1930 2501 2095 2588 Geiflirirs

732 2579 972 2647 Gericirtltarieit
989 2580 1078 2642 darer
1101 2577 1303 2655 sirhasirim
1317 2577 1459 2641 Laudes·
1472 2576 1595 2641 Herrers
1609 2582 1654 2642 ias
1707 2577 1882 2659 eatsciluad
1902 2583 1981 2647 liber
2004 2586 2051 2648 riis
2066 2587 2093 2648 is
2124 2621 2125 2628 κ

727 2666 816 2729 ihren
833 2662 925 2726 Laud
944 2659 1115 2730 befindliclu
1137 2660 1344 2725 Untertlranm
1357 2681 1388 2746 p.
1403 2678 1435 2740 4.
1450 2659 1544 2722 nobis
1569 2661 1691 2724 cumin
1711 2663 1860 2726 omnibus
1883 2665 1932 2730 est
1947 2669 2092 2740 unanime,

727 2748 816 2830 quod
836 2744 956 2826 insigne
968 2741 1201 2808 Testimonium
1219 2744 1356 2825 praebet,
1378 2761 1451 2805 cum
1473 2760 1517 2805 cx
1534 2740 1612 2806 sttis
1634 2743 1767 2825 publicis
1788 2744 1898 2809 desum
1924 2759 2014 2824 turn,
2031 2747 2091 2812 ltine

725 2827 1004 2912 praesumptionem
1024 2822 1219 2888 fortissimam
1234 2844 1293 2904 pro
1313 2825 1452 2906 genuina
1471 2834 1578 2886 mente
1589 2826 1818 2968 grciscentium
1834 2828 1869 2890 in
1893 2767 1927 2894 ss
1947 2832 2088 2895 continet.

728 2909 800 2974 Dar
815 2908 870 2979 lus
886 2908 966 2968 circa
988 2905 1080 2967 Sacra
1096 2905 1207 2967 mitiin
1227 2907 1277 2967 die
1289 2904 1473 2980 Jurisdittio
1491 2904 1588 2968 Eccle
1613 2905 1722 2979 silica,
1745 2909 1841 2972 clude
1864 2931 1904 2973 cn
1921 2914 2059 2976 cornelia
2077 2930 2090 2973 t

662 3021 674 3044 t
728 2988 859 3071 Species
879 2987 933 3048 der
947 2984 1156 3050 Territorial-
1169 2985 1391 3070 Superioritaet
1408 2986 1582 3072 kaslbarjies
1598 2989 1663 3050 stad
1677 2989 1820 3052 carnelum
1846 3011 1879 3054 es
1893 2991 2025 3058 Kleiacd
2034 2914 2086 3077 Ag,

728 3069 859 3134 nutiles
872 3085 943 3130 mun
957 3069 1060 3131 keinen
1074 3067 1196 3132 Laudes
1205 3103 1218 3117 ·
1235 3071 1358 3142 Herm,
1377 3067 1493 3149 sanarit
1505 3090 1538 3131 er
1550 3068 1612 3152 ficit
1625 3065 1719 3152 deffm
1737 3073 1932 3152 gebrauclmt
1944 3081 2032 3146 auid,
2051 3078 2085 3138 is

631 3205 634 3210 .
730 3151 856 3214 aelmon
874 3150 1008 3223 iduum,
1028 3150 1065 3213 is
1077 3150 1175 3234 saniei
1193 3155 1256 3213 mir
1267 3148 1400 3234 willensi
1419 3152 1465 3213 bis
1481 3150 1555 3213 dato
1570 3152 1646 3215 siser
1666 3151 1907 3236 Euangeliscluu
1922 3156 2083 3223 Publicistrr

731 3233 888 3317 siahellige
900 3231 1072 3317 Meiaung,
1092 3234 1157 3299 vid.
1175 3232 1291 3300 Snnu
1301 3255 1338 3299 v.
1352 3238 1386 3299 in
1400 3232 1566 3316 Syntagm.
1581 3233 1609 3299 1.
1627 3233 1661 3298 Ρ.
1678 3235 1710 3301 C.
1723 3252 1775 3318 23.
1795 3241 1824 3318 §.
1838 3257 1894 3320 30.
1910 3259 2005 3327 1237·

1255 3434 1293 3517 ς.
1342 3426 1460 3504 XVI.

730 3560 797 3638 Sed
815 3561 892 3636 licet
907 3559 1044 3660 quidem
1061 3561 1095 3632 in
1109 3557 1206 3638 inssr.
1223 3565 1316 3635 Pacis
1337 3562 1449 3637 exesis
1469 3560 1638 3661 squalitas
1654 3563 1938 3667 instructiusque
1952 3570 2079 3666 Religio·

612 3666 667 3743 nis
682 3666 793 3737 Status
808 3669 885 3735 Art.
899 3669 936 3736 V.
958 3667 995 3739 ti.
1015 3688 1043 3730 ι.
1065 3662 1228 3755 imperate
1242 3658 1364 3742 fuerit,
1388 3661 1433 3732 ob
1448 3666 1574 3733 Statura
1590 3664 1683 3757 Juris
1699 3668 1860 3736 Canonici
1880 3666 1976 3742 infre
1990 3692 2081 3745 receu-

539 3799 544 3806 ·
613 3761 698 3846 fin,
723 3766 833 3835 Status
849 3756 1042 3831 catholicos
1058 3755 1314 3830 Proteslantium
1333 3764 1417 3855 Jure
1441 3760 1541 3856 parili
1564 3755 1633 3830 frui
1655 3758 1765 3858 polle,
1786 3765 1865 3839 iude
1882 3792 2032 3862 negant,
2052 3788 2079 3842 tt

612 3858 687 3964 ipso
701 3885 781 3933 vcro
795 3852 1045 3955 Jurisdiliionis
1059 3853 1288 3929 Ecclesiasticus
1305 3856 1469 3930 inhabiles
1488 3860 1723 3955 pronunciant.

654 4025 831 4096 Exmultis
846 4025 915 4089 aliis
941 4024 984 4086 Le
1010 4023 1079 4086 ibus
1101 4021 1185 4097 Juris
1209 4021 1380 4101 Canonici,
1401 4027 1530 4089 unicum
1547 4025 1580 4090 C.
1601 4026 1651 4090 16.
1671 4025 1714 4090 X.
1733 4025 1774 4089 de
1796 4023 1875 4090 foro
1901 4028 2080 4115 competenti

729 4109 869 4189 allegant
888 4043 1114 4176 Protefiantes,
1134 4106 1252 4169 exinde
1268 4108 1408 4171 inserunt
1426 4109 1555 4171 Luicum
1574 4106 1832 4180 Jurisdisiiouem
1847 4109 2081 4178 Ecclesiasticus

724 4191 931 4260 ambientem,
954 4188 1078 4250 Crimen
1091 4187 1255 4269 Sacrilegii
1268 4191 1488 4261 committere,
1511 4190 1577 4270 ipso
1591 4191 1677 4254 fatto
1691 4193 1830 4255 incidere
1839 4194 1872 4256 iu
1886 4194 2025 4261 bannum
2037 4196 2083 4278 spi·

722 4272 855 4341 rituale,
878 4288 957 4348 ergo
976 4270 1040 4331 tale
1054 4269 1109 4343 lus
1125 4270 1218 4332 etism
1237 4272 1271 4333 in
1286 4269 1364 4334 Pace
1380 4272 1624 4335 Protestsntibus
1644 4274 1719 4336 licet
1738 4272 1939 4349 concesium,
1968 4282 2083 4343 minime

723 4351 870 4418 sffeslsre
881 4348 1169 4432 polseCntholicos‚
1183 4350 1227 4415 ast
1240 4354 1367 4435 quoties
1379 4366 1515 4418 mentem
1531 4354 1622 4435 ipsam
1635 4354 1858 4419 paciscentium
1871 4363 2083 4444 expendimus,

721 4437 794 4499 ltaec
810 4434 951 4496 inlisutia
970 4433 1086 4495 nullius
1106 4436 1262 4498 momenti
1278 4433 1340 4500 esse
1354 4437 1465 4517 potest.
1510 4438 1667 4500 Catholici
1685 4439 1817 4500 enimin
1835 4443 1953 4506 ordine
1967 4447 2005 4508 ad
2022 4444 2085 4507 Pro·

722 4517 872 4581 testantes
887 4517 919 4577 iu
934 4513 1012 4577 Pace
1024 4513 1233 4596 Wcstphslicn
1247 4516 1303 4591 Jus
1316 4519 1397 4582 circa
1412 4519 1503 4582 Sacra
1516 4521 1546 4582 in
1561 4540 1601 4581 co
1616 4518 1700 4582 sensu
1714 4541 1789 4582 acce
1812 4534 1918 4598 eruut,
1941 4546 2006 4588 non
2021 4546 2086 4608 qut·

719 4598 787 4668 lem
799 4600 839 4665 de
850 4617 892 4665 eo
907 4597 1139 4666 teucuttrsdita
1150 4597 1236 4693 Juris
1247 4600 1419 4681 Canonici,
1437 4601 1490 4671 sed
1502 4604 1534 4669 id
1546 4620 1605 4689 pro
1618 4621 1707 4669 mero
1720 4602 1781 4670 effe
1816 4603 1937 4681 uJuris
1950 4598 2088 4677 Territu-

2052 4693 2089 4757 rit
