4950 5567
602 620 676 701 ur
689 619 853 719 Jusrrs
869 613 1085 748 ruerus.
1103 615 1266 700 turus
1280 614 1520 712 uonttNos
1535 619 1813 706 raunrrou.
1827 625 1894 706 oc.
1917 632 1994 732 46⁷

505 801 616 905 paulo
629 803 813 873 accuratius
829 759 1091 887 consideremus,
1116 804 1199 874 nihil
1212 801 1551 899 Imperatorslatuere
1568 828 1625 878 aut
1639 807 1782 882 voluerit
1797 832 1854 883 aut
1874 832 1992 909 potue·

508 906 575 1017 riq,
600 899 692 997 quod
712 903 746 969 Ρ
763 906 814 971 W.
843 897 1045 1013 dispostioni
1075 926 1112 1015 ac
1137 900 1302 997 supremis
1334 906 1486 973 Staruum
1510 902 1640 996 juribus
1672 930 1900 1000 repugnaret3
1938 913 1991 981 Ita

509 1022 602 1074 emm
619 995 800 1069 Consilium
820 998 1000 1091 imperiale
1017 998 1174 1069 Aultcum
1199 994 1391 1070 resoluerat.
1447 997 1584 1095 &an
1610 1000 1661 1081 bit
1677 999 1761 1074 Aua
1778 1004 1933 1099 bissinus
1951 1023 1994 1103 qu

497 1092 744 1187 confimirco,
765 1092 977 1186 infantilis
1004 1094 1079 1173 btnt
1106 1093 1506 1191 gritbcnsalnstrumant
1529 1093 1684 1171 conform
1713 1098 1878 1194 befonbct
1900 1117 1996 1190 tuot,

508 1194 587 1276 Dm.
638 1191 691 1264 Ad
708 1191 772 1262 hoc
790 1193 894 1282 igitur
908 1190 1101 1262 conclusum
1116 1216 1193 1264 cum
1209 1188 1332 1263 diserte
1347 1189 1559 1270 confirmatio
1573 1192 1718 1268 Caesarea
1733 1193 1765 1269 se
1782 1193 1924 1279 referat,
1949 1198 1993 1272 ad

508 1291 649 1366 eandem
668 1313 804 1384 quoque
817 1288 1072 1372 limitationem,
1100 1313 1201 1384 quam
1224 1288 1307 1359 illud
1325 1293 1396 1385 'prae
1415 1287 1448 1361 se
1462 1290 1558 1372 tulit,
1582 1292 1722 1365 eandem
1743 1294 1833 1367 haud
1852 1291 1992 1371 obscure

508 1390 663 1481 rellrlngi
681 1386 829 1459 voluis*
880 1385 973 1481 Quid
993 1410 1075 1460 veto
1095 1386 1136 1456 ad
1156 1383 1383 1467 substantiam,
1409 1387 1491 1483 quid
1508 1388 1548 1459 ad
1564 1389 1703 1461 modum
1719 1388 1840 1464 referri
1862 1415 1991 1466 merea·

508 1512 582 1569 tur,
604 1508 671 1555 tam
686 1478 784 1552 facile
799 1487 990 1580 expeditum
1007 1483 1114 1554 rideri
1138 1481 1228 1553 baud
1247 1486 1382 1578 poterit.
1432 1486 1524 1555 Mihi
1549 1489 1638 1558 enim
1660 1485 1835 1562 substantia
1857 1486 1988 1581 legibus

509 1584 649 1676 Imperii
670 1575 854 1651 conformis
870 1583 904 1650 in
919 1605 960 1652 eo
975 1578 1179 1677 potillimunt
1198 1580 1390 1674 reponenda
1410 1581 1559 1665 videtur,
1583 1586 1674 1680 quod
1696 1589 1825 1678 integra
1848 1584 1990 1660 subditis

509 1682 543 1754 iu
556 1679 734 1772 Religione
750 1681 930 1749 aDomino
947 1674 1172 1749 diffidentibus
1189 1676 1342 1762 libertas,
1367 1678 1476 1751 cultus
1491 1678 1540 1754 sui
1554 1686 1747 1772 exercitium
1769 1682 1935 1756 bonorum
1951 1682 1987 1759 ἀ

511 1779 720 1873 reliquorum
743 1774 895 1871 jurium,
920 1800 1065 1872 quorum
1090 1772 1212 1845 subditi
1236 1776 1316 1846 alias
1344 1800 1479 1872 capaces
1499 1778 1727 1863 declarantur,
1753 1778 1902 1877 polsellio
1925 1783 1989 1855 im·

509 1873 719 1973 perturbata,
746 1874 910 1968 plenaque
923 1872 962 1943 ab
978 1873 1075 1943 omni.
1087 1869 1510 1947 turbatione&violatiooe
1525 1873 1680 1948 securitas
1694 1902 1711 1948 a
1723 1882 1872 1951 Domino
1889 1876 1987 1974 spond

514 1973 642 2044 (leatus.
695 1970 840 2039 Modum
856 1993 936 2042 sero
949 1992 1094 2066 eumque
1110 1993 1201 2041 certe
1216 1972 1315 2041 nimis
1332 1974 1521 2042 immaniter
1535 1971 1733 2046 entensrvum
1750 2001 1826 2047 cum
1845 1973 1987 2046 substan·

479 2155 483 2164 Ι
512 2072 556 2141 tia
575 2063 782 2140 confundere
802 2090 964 2137 conantur
990 2069 1031 2148 ii,
1059 2065 1118 2161 qui
1141 2064 1232 2137 sensu
1258 2066 1401 2162 prorsus>
1414 2067 1619 2149 exorbitante
1636 2094 1751 2166 contra
1774 2070 1984 2143 sansliflimaa

507 2166 544 2240 dr
558 2164 764 2252 inuiolabiles'
784 2163 903 2256 legum
921 2162 1130 2260 publicatum
1153 2161 1335 2237 saumones
1357 2166 1585 2238 intemeranda
1604 2170 1831 2248 Dominarum
1850 2171 1927 2263 jura
1947 2171 1984 2239 in

505 2261 717 2337 subditorum
733 2258 907 2331 arbitrium
920 2256 1103 2332 transferre
1117 2283 1288 2332 attentant.
1339 2259 1489 2333 Sanslius
1502 2258 1659 2360 profesio
1671 2261 1767 2338 fuisse
1779 2267 1984 2363 Imperatori
2055 2336 2057 2340 Α

492 2360 642 2434 solenne
656 2359 740 2432 illud
755 2362 1002 2432 Sacramentum
1024 2356 1292 2454 presumendum
1309 2356 1372 2440 est,
1411 2382 1479 2454 quo
1502 2360 1542 2429 ad
1564 2357 1649 2434 sarta
1672 2359 1825 2459 teilaque
1849 2359 1982 2435 conser-

504 2454 613 2533 vanda
633 2461 703 2527 imo
724 2482 788 2554 pro
806 2454 933 2526 viribus
954 2456 1075 2552 tuenda
1098 2455 1225 2526 summa
1247 2460 1412 2526 Statuum'
1420 2457 1496 2550 jura
1507 2480 1580 2625 per
1601 2460 1871 2552 capitulationem
1889 2453 1982 2531 caesa·

504 2580 598 2628 ream
616 2556 650 2588 ”
667 2552 734 2630 sese
746 2549 931 2638 adstrinxit,
957 2577 1059 2650 quam
1074 2574 1112 2627 ut
1126 2576 1196 2627 uno
1210 2551 1300 2651 quasi
1322 2552 1441 2625 calami
1460 2551 1505 2625 du

492 2653 618 2731 luerit.

1043 2779 1047 2787 ’
1140 2788 1178 2875 9.
1223 2782 1357 2858 XXV.

605 2924 690 3015 Qta
702 2942 781 3000 cum
801 2918 846 2990 ita
860 2912 938 2997 snt,
971 2939 1117 3012 pronum
1138 2911 1223 2990 ferri
1244 2917 1370 3015 poterit
1392 2914 1571 3003 iudicium,
1603 2917 1739 3014 quinam
1758 2912 1907 3013 lintjulli
1928 2915 1980 2990 illi

502 3043 543 3096 ae
606 3018 656 3089 sti
672 3044 690 3089 a
704 3013 831 3108 legibus
847 3016 986 3107 Imperii
1002 3015 1215 3109 pragmaticis
1230 3037 1331 3110 atque
1344 3009 1646 3086 fundamentalibus
1660 3013 1802 3096 limites,
1827 3038 1930 3113 quoa,
1953 3010 1980 3088 li

503 3042 603 3218 pubi
619 3112 929 3211 supergredientur,
955 3111 1044 3180 nulla
1066 3110 1182 3182 eadem
1200 3109 1274 3203 lege
1294 3134 1350 3182 aut
1364 3113 1494 3183 tatione
1509 3107 1677 3184 subsilere
1696 3108 1824 3206 pollint.
1878 3114 1913 3183 Si
1929 3113 1980 3184 ni·
2066 3133 2082 3145 ·

489 3203 633 3298 ‚mirum
654 3213 729 3282 talia
751 3212 921 3284 continent
942 3210 1109 3303 principia
1129 3206 1169 3278 ab
1192 3208 1342 3303 imperio
1363 3206 1395 3278 dr
1421 3212 1629 3305 Imperatore
1650 3206 1792 3304 rejesla,
1823 3207 1980 3305 suprema

504 3313 734 3386 Dominarum
748 3303 1001 3400 territorialium
1014 3304 1089 3400 jura
1105 3304 1138 3376 dr
1154 3305 1189 3374 in
1206 3302 1316 3400 specie
1326 3304 1380 3398 jus
1399 3298 1605 3376 reformandi
1618 3309 1753 3405 penitus
1772 3305 1922 3378 adimunt
1942 3306 1979 3381 dt

502 3411 719 3488 interimunt,
744 3402 928 3475 nat'uralcm
950 3401 1103 3473 ordinem
1126 3402 1258 3497 penitus
1282 3402 1468 3481 invertunt,
1497 3399 1643 3473 subditos
1664 3399 1866 3476 constituunt
1887 3402 1980 3474 inde·

504 3506 691 3606 pendentes
704 3528 771 3574 non
786 3500 890 3573 solum
906 3501 939 3568 in
956 3496 1072 3581 sacris,
1095 3496 1267 3571 sedetiam
1289 3500 1323 3568 in
1337 3494 1489 3595 profanis
1506 3502 1689 3583 Dominos,
1721 3504 1907 3572 Dominum
1923 3523 1978 3572 ve·

504 3628 545 3678 ro
559 3607 595 3674 in
608 3602 823 3672 deterrimam
835 3623 871 3668 ac
887 3591 1036 3667 infimam
1049 3596 1275 3667 conditionem
1292 3596 1480 3688 conjiciunt,
1494 3600 1623 3667 Statum
1632 3598 1773 3693 Imperii
1782 3597 1979 3674 Germanici

503 3700 679 3798 publicum
702 3695 913 3776 convellunt,
955 3688 1218 3763 fundamentales
1245 3696 1385 3788 Imperii
1415 3693 1506 3784 leges
1533 3688 1737 3786 infringunt,
1776 3698 1978 3790 penitusque

504 3819 669 3872 evertunt.
718 3800 897 3865 immotam
911 3814 992 3862 vero
1013 3789 1046 3861 dt
1068 3792 1254 3861 nullatenus
1274 3786 1519 3881 infringendam
1539 3795 1628 3880 vim,
1660 3785 1784 3874 robur,
1816 3816 1852 3863 ac
1870 3787 1978 3862 effica-

504 3898 591 3968 ciam
608 3891 777 3964 alserimus
793 3887 898 3986 pafiis
915 3888 999 3971 illis,
1027 3888 1148 3984 quibus
1170 3890 1337 3958 Dominus
1359 3887 1498 3958 modum
1522 3888 1667 3983 aliquem
1688 3886 1747 3961 suo
1770 3884 1978 3964 reformandi

502 3992 589 4090 juris
605 3992 764 4062 exercitio
779 3990 891 4084 ponit,
916 4009 953 4056 ac
971 3984 1094 4078 largius
1112 3986 1284 4079 quidpiam
1303 3985 1391 4056 circa
1409 3987 1619 4067 exercitium,
1644 4009 1681 4056 ac
1702 4010 1842 4068 annexa,
1873 4009 1975 4082 quam

1540 2578 1564 2625 u
1583 2552 1799 2630 obliteratum
1820 2553 1903 2630 illud
1926 2579 1983 2630 vo·
2093 2573 2100 2588 ‘

505 4094 540 4163 in
555 4113 644 4161 anno
657 4088 844 4157 decre'torio
858 4081 1022 4162 habuere,
1048 4079 1249 4176 possessaque
1263 4080 1408 4178 probare
1425 4102 1599 4175 poterunt,
1616 4079 1786 4169 concedite
1810 4085 1873 4155 hoc
1887 4085 1976 4152 enim
2115 4105 2121 4111 ·

504 4187 610 4259 modo
623 4183 670 4255 nil
687 4206 845 4281 peccatur
860 4203 973 4251 contra
987 4175 1249 4251 fundamentales
1264 4183 1402 4275 Imperii
1419 4180 1525 4269 leges,
1539 4181 1706 4250 Dominus
1721 4184 1848 4278 quippe
1864 4176 1976 4273 supreq

501 4307 596 4359 mam
610 4280 704 4354 suam
717 4283 752 4352 in
769 4278 868 4352 sacris
881 4274 1120 4375 inspcdionem
1134 4276 1551 4443 retmetqqnqcnprpprium
1568 4272 1663 4349 suum
1676 4280 1710 4349 in
1724 4278 1870 4377 politicis
1889 4278 1976 4445 qqqq

545 4542 655 4611 wia.
669 4539 834 4625 Anonymi
850 4537 1014 4602 Ratisbon.
1032 4530 1191 4618 otinulidt
1205 4537 1340 4611 darnart
1355 4537 1408 4621 tul
1420 4539 1466 4611 ut
1477 4532 1624 4623 ernosto
1634 4554 1668 4608 ta
1682 4555 1754 4623 pag.
1764 4554 1816 4623 27·

542 4661 587 4705 ο·
608 4659 685 4744 cap.
699 4655 777 4725 caer.
790 4658 841 4722 tn.
855 4653 882 4724 1.
905 4660 977 4740 §.n
997 4653 1074 4739 u,
