4950 5567
501 584 570 672 184
648 565 985 652 nasoniano
1005 564 1111 680 joa,
1129 528 1822 670 onnssnccmssasonuoum

494 753 662 857 pignoris
678 752 853 853 poffiffltre
861 809 878 860 ,Ι
886 753 975 854 ’βυιεΙ
991 753 1165 854 creditore
1170 751 1458 928 &Religioni
1481 749 1641 842 additio,
1664 747 1816 853 ejusdem
1838 757 1957 836 exerce*

438 903 441 912 -
501 856 596 928 tium
617 875 697 938 mm
722 853 871 929 annexis
895 851 944 936 ir
956 845 1171 946 pientissimi
1245 905 1259 941 ‚
1290 867 1356 930 aut
1382 845 1636 960 quibuscunque
1661 847 1835 928 reditibus
1857 851 1957 930 asie

500 951 567 1026 nis.
588 947 829 1047 pamla-ant,
857 949 957 1034 illud
978 978 1016 1027 re
1046 955 1176 1062 ringo,
1208 965 1252 1024 ut
1280 948 1408 1026 eosdem
1435 975 1459 1024 a
1477 951 1613 1046 favore
1649 946 1696 1022 ΕΗ
1729 943 1893 1038 beneficio
1926 953 1957 1048 p

415 1049 421 1067 '
501 1043 644 1128 XXXJ.
672 1048 820 1150 ejusdem
842 1051 970 1132 Artis.
1027 1052 1227 1149 penitus,
1248 1048 1330 1154 five
1352 1045 1466 1158 quoad
1490 1048 1705 1124 exercitium
1725 1041 1803 1138 sna
1823 1045 1957 1149 Religie

502 1147 604 1220 nisa
624 1147 778 1224 Domino
804 1145 1041 1228 Territoriali
1075 1146 1229 1234 reluente
1259 1143 1438 1240 diversa,
1465 1145 1547 1246 stve
1576 1140 1692 1249 quoad
1711 1139 1802 1218 diila
1825 1167 1957 1220 annexa

499 1240 661 1334 reditus,
684 1241 917 1340 fundationes
948 1243 995 1321 θ’
1027 1240 1116 1320 bona
1142 1240 1326 1338 exclufiss,
1362 1257 1467 1344 atque
1484 1238 1546 1318 ¹ad
1563 1238 1682 1346 stiam
1712 1263 1792 1320 tum
1823 1239 1957 1324 Domit

502 1339 742 1432 Territaeiale·
763 1343 1033 1434 transactionem
1056 1343 1261 1432 amulam
1285 1339 1467 1444 merlam.
1492 1391 1495 1396 -
1555 1383 1582 1428 ,·

614 1507 695 1585 Hoc
715 1510 756 1585 ln
780 1528 987 1614 argumento
1013 1515 1069 1589 ita
1093 1508 1280 1608 versabor,
1318 1528 1362 1588 ut
1385 1516 1499 1612 priam
1525 1510 1649 1614 Capite
1677 1509 1805 1604 nudam
1838 1509 1957 1589 Trade

498 1617 601 1686 tuum
613 1606 748 1704 seriem
770 1625 874 1714 atque
897 1611 1084 1688 Historiam
1116 1638 1183 1712 unp
1213 1611 1312 1728 quast
1331 1608 1457 1694 obtutu
1481 1609 1524 1685 ob
1554 1611 1667 1686 oculos
1685 1611 1808 1711 fistam
1818 1638 1836 1704 ,·
1873 1613 1957 1688 oser

500 1729 524 1790 a
549 1721 636 1781 crta
658 1702 797 1800 Theseos
818 1708 899 1784 inde
925 1735 1120 1805 argumenta
1144 1710 1333 1810 collegam,
1358 1719 1401 1784 ae
1426 1715 1526 1783 tersio
1551 1709 1684 1784 demum
1708 1709 1878 1808 opposite,
1907 1734 1957 1814 qu

525 1808 585 1879 inc
607 1803 688 1882 inde
707 1800 859 1906 sparsim
883 1832 906 1884 a
930 1807 1076 1900 diverfis
1097 1804 1308 1883 Dodoribus
1329 1803 1608 1898 Protestnntibus
1637 1801 1894 1897 obmoventur‚
1930 1831 1957 1884 rs

491 1903 639 2004 stram,
672 1906 903 2008 accongruis
927 1901 1219 2018 responstomibtrs‚
1259 1908 1456 1990 intentioni
1484 1902 1699 2000 [summorum
1723 1902 1957 2010 Pacifitutittt

498 2025 595 2112 aque
617 2027 660 2078 ac
680 2001 797 2080 lisere
813 2001 918 2084 l'acis
941 2003 1158 2122 undequaque
1176 2000 1483 2102 commenstaratir,
1509 1999 1701 2099 deffitluam.

622 2170 710 2256 Cum
738 2175 823 2257 oia,
859 2198 963 2280 quam
985 2176 1083 2250 omni
1113 2198 1192 2252 cum
1223 2173 1381 2270 modestia
1412 2187 1528 2256 terere
1557 2169 1649 2250 aiibi
1673 2171 1957 2280 propositurum!

501 2269 611 2350 aliam
635 2269 834 2373 planiorem
865 2286 930 2346 aut
960 2269 1254 2362 luculentiorem,
1288 2275 1466 2376 magisque
1494 2273 1665 2367 fineeram
1689 2275 1760 2346 viae
1783 2271 1863 2348 indi
1886 2275 1957 2350 itas

502 2384 569 2448 aut
596 2373 760 2452 invenire
783 2367 923 2462 liceat;
946 2368 986 2452 de
1000 2366 1176 2464 sinuato,
1201 2368 1295 2476 quod
1311 2369 1427 2459 decet,
1449 2395 1493 2447 ac
1513 2365 1676 2462 debetur,
1696 2296 1905 2446 datriaalis
1928 2373 1957 2446 ir.

504 2483 563 2547 teu·
587 2469 776 2542 retentionis
801 2466 1062 2561 moderamine,
1094 2467 1236 2580 indeque
1260 2485 1387 2548 contra
1412 2463 1653 2548 inviolabilem
1682 2471 1920 2570 iteratamque
1941 2466 1957 2542 l

558 2561 859 2667 prohibitionem
881 2590 951 2642 non
976 2568 1112 2653 minus,
1139 2591 1242 2667 qaam
1267 2565 1540 2652 urreisandaAu
1577 2567 1631 2658 sti
1668 2589 1803 2642 morum
1826 2565 1957 2666 Impera

503 2680 624 2742 torum
642 2663 801 2738 Decreta
820 2661 980 2755 securum
1002 2687 1055 2735 ene
1077 2665 1262 2754 existimem
1293 2661 1378 2737 Tibi
1402 2691 1508 2750 uero,
1564 2718 1572 2737 .
1651 2666 1826 2764 ‚penitus
1841 2665 1957 2764 perfia

492 2763 578 2865 fian
602 2762 662 2858 effe
686 2757 905 2846 vehementer
927 2761 1058 2856 cupio,
1090 2762 1240 2844 amicam
1270 2785 1324 2848 me
1354 2765 1394 2842 in
1425 2759 1581 2838 omnibus
1605 2766 1819 2849 ueritatem,
1838 2759 1957 2862 separii

504 2865 600 2939 oceani
622 2859 747 2958 affecln
767 2859 996 2955 partiumque
1010 2854 1148 2944 siradio,
1177 2859 1386 2950 consedmi,
1405 2859 1510 2962 plane
1527 2858 1678 2960 proinde
1699 2856 1886 2950 confidens,
1907 2881 1957 2936 em

505 2964 546 3040 in
570 2961 698 3030 nativo
722 2959 841 3025 nitore
853 2952 922 3046 stro
945 2953 1160 3050 eapositam,
1194 2960 1289 3030 omni
1317 2956 1403 3030 licet
1414 2959 1506 3060 fuco
1529 2972 1595 3032 aut
1609 2958 1772 3061 prolixis
1794 2951 1957 3038 verbotut

505 3048 709 3172 anabagilus
731 3047 884 3143 oudam,
909 3045 1090 3160 displicere
1116 3047 1187 3138 tibi
1211 3048 1307 3134 baud
1318 3055 1419 3162 poffl.
1471 3055 1573 3136 Vale.

976 3335 1025 3446 C
1062 3340 1106 3448 Α
1143 3338 1183 3446 Ρ
1216 3340 1267 3449 U
1301 3340 1352 3449 T
1450 3340 1490 3451 Ι.

505 3555 705 3651 Historica
732 3551 994 3643 Trsautuum
1017 3552 1128 3644 Pacis
1153 3549 1482 3666 osnabrugenfis
1504 3551 1556 3641 ad
1581 3555 1671 3642 Art·
1686 3554 1736 3645 V.
1757 3562 1799 3664 §.
1816 3555 1957 3648 xxvi

1042 3691 1300 3788 pertinentium
1318 3689 1437 3772 seties.

507 3890 544 3980 ς.
569 3887 597 3963 1.
627 3883 904 3977 Protestantium
922 3889 963 3966 in
976 3887 1221 3992 pernrittenda
1242 3886 1570 3990 oppignoratiannm
1588 3881 1776 3960 reluitione
1793 3881 1957 3974 difficulta

677 3980 989 4079 adfacilitandam
1007 3987 1204 4091 Religionis
1216 3986 1513 4078 conſsrvationem
1533 3981 1593 4058 diu
1613 3977 1810 4083 protraila.

505 4126 541 4212 fi.
567 4120 610 4198 ll.
639 4117 765 4195 Prima
780 4116 1055 4209 Protestantinm
1070 4117 1248 4219 pustulata
1262 4115 1462 4192 omnimoda
1477 4119 1789 4217 oppignoratornm
1805 4141 1886 4193 cum
1898 4117 1957 4195 alis¹

668 4211 826 4312 subditis
845 4217 1063 4319 aequalitatis
1081 4217 1145 4302 uec
1159 4212 1313 4314 responso
1331 4243 1354 4290 a
1372 4209 1563 4290 Catholicis
1578 4213 1738 4316 dignata.

507 4359 543 4444 §a
567 4350 631 4425 111.
662 4349 877 4436 ¹Continuata
891 4350 1123 4448 Cnfiarcorum
1137 4352 1334 4432 renitentia
1348 4347 1451 4452 usque
1464 4347 1648 4424 adannum
1661 4346 1957 4442 MDCXLXIL,

505 4488 545 4592 β.
567 4486 634 4565 lV.
659 4481 729 4559 Per
745 4485 934 4583 privatam
948 4493 1013 4559 Vo
1024 4506 1174 4564 LMAM
1195 4487 1389 4589 opinionem
1407 4475 1630 4582 nonstllldlll
1647 4482 1757 4583 mens?
1776 4484 1957 4567 Martiae

672 4581 804 4692 Aprili
821 4580 970 4688 ejusdem
991 4586 1090 4736 aonia
1882 4690 1905 4780 ς
1938 4685 1957 4759 x
