4950 5567
678 637 752 718 ua
775 577 907 738 Jurt'a
928 640 1283 728 aaronunrvor
1307 637 1539 734 stNGutts
1565 655 1760 738 turrim
1783 661 1852 745 oe.
1952 695 2006 768 ‚r

1188 835 1225 925 s.
1269 805 1367 911 xtl.

630 977 692 1051 Aa
707 977 824 1052 aleret
861 977 990 1078 Neque
1003 976 1157 1080 procedit
1174 979 1251 1056 talis
1271 985 1537 1078 argumentatio:
1573 985 1700 1063 Civitas
1718 991 1909 1092 imperialia
1929 1013 2000 1068 ten·
2052 1019 2125 1092 p..

519 1093 616 1174 quem
636 1075 774 1175 imperii
798 1080 911 1152 Statua
934 1081 1052 1174 vigore
1067 1084 1161 1154 Pacis
1182 1106 1261 1155 ctun
1283 1079 1460 1178 Religiosae
1481 1105 1555 1156 tum
1571 1083 1805 1186 Wellpbalicte
1826 1091 2001 1170 liberrime
2041 1097 2125 1166 adun

515 1169 621 1272 potest
643 1173 828 1263 diversam,
853 1181 888 1250 in
908 1176 1055 1274 Legibus
1078 1202 1188 1254 tamen
1220 1183 1362 1279 Imperii
1391 1177 1564 1256 fundatam
1587 1185 1800 1280 Religionem
1827 1189 1999 1291 amplesli,

511 1271 653 1444 piisque
673 1272 818 1350 liberum
835 1279 1030 1352 exercitium
1044 1275 1236 1367 inslitucre,
1258 1303 1343 1374 ergo
1359 1278 1393 1354 br
1407 1278 1525 1376 saguli
1541 1282 1659 1368 Cives,
1685 1307 1843 1385 tanquam
1865 1293 1999 1366 univer·
2019 1347 2023 1354 -

532 1375 610 1444 tetis
624 1375 791 1451 membre.
837 1381 922 1450 Non
935 1377 1107 1473 procedit,
1133 1383 1276 1472 inquam,
1300 1379 1372 1456 haec
1383 1382 1629 1474 argumentatio
1639 1405 1655 1476 ς,
1677 1386 1830 1460 Civitatis
1849 1393 1940 1464 enim
1955 1391 2000 1464 il·

509 1467 560 1544 nd
575 1473 799 1569 pririlegium
814 1473 879 1559 cll,
904 1500 972 1547 non
984 1472 1190 1570 sngulorum
1205 1479 1352 1550 Civium.
1404 1480 1506 1551 Unde
1524 1483 1558 1551 in
1572 1479 1724 1578 ejusdem
1737 1491 1820 1560 Art.
1831 1495 1872 1565 V.
1886 1497 1923 1571 tl.
1939 1507 1999 1570 aa.

472 1649 476 1664 ¹
513 1573 542 1644 ll.
563 1575 624 1646 W.
647 1575 702 1667 (vi
721 1572 816 1670 cujus
831 1572 945 1647 libetae
961 1573 993 1646 dt
1007 1574 1208 1648 immediate
1223 1579 1365 1675 Imperii
1380 1577 1580 1662 Nobilitati,
1604 1581 1829 1680 omnibusque
1843 1583 1877 1658 dt
1891 1583 2000 1680 singu·

510 1667 542 1740 lia
558 1668 635 1764 ejus
652 1671 817 1746 membris
829 1676 892 1772 Jus
907 1668 1128 1744 Reformandi
1142 1676 1324 1774 competit)
1340 1671 1466 1769 fingula
1486 1701 1624 1774 quoque
1637 1679 1790 1773 membra
1807 1687 1999 1782 exprimere

509 1765 630 1842 necesse
646 1765 727 1843 fuit.
778 1774 924 1845 Econtra
937 1774 1036 1866 lydus
1047 1772 1081 1862 fe
1102 1796 1175 1845 aeos
1189 1801 1247 1859 ²9·
1265 1773 1381 1846 liberis
1404 1776 1547 1871 Imperii
1570 1777 1769 1851 Civitatibus
1793 1781 1912 1855 tribuit
1932 1788 1997 1881 Jue

508 1863 746 1952 deformandi,
776 1869 818 1966 tle
841 1868 999 1944 omnibns
1020 1868 1054 1942 dt
1076 1798 1211 1964 sngulis
1229 1871 1414 1946 earundem
1434 1871 1596 1945 membris
1615 1875 1721 1948 altum
1739 1874 1787 1949 est
1810 1875 1995 1970 slentiumt
2119 1885 2122 1890 ’

478 2013 480 2020 -
507 1967 617 2064 atquin
629 1989 718 2042 vero
725 1969 883 2041 Nobilitas
898 1967 932 2041 dt
946 1971 1070 2040 einim
1085 1965 1160 2040 sunt
1176 1972 1311 2043 nomina
1325 1967 1500 2047 collesliva
1512 1976 1666 2070 corporis
1681 1972 1739 2049 seu
1752 1977 1995 2066 univerfitatiea

456 2091 459 2152 l
506 2057 638 2162 iuguli·
655 2065 773 2145 ἀιιιιω
786 2091 854 2142 non
869 2063 932 2155 ell,
956 2066 1049 2167 quod
1070 2071 1210 2168 corpori
1227 2069 1282 2146 vcl
1302 2068 1445 2165 collegio
1465 2072 1671 2150 conceditur.

1150 2277 1184 2370 §.
1234 2272 1352 2353 xvi.

617 2405 677 2484 'all
703 2410 805 2497 3ciatt
826 2412 1076 2506 Argumentum
1091 2407 1206 2484 desum
1234 2431 1306 2484 tunt
1323 2405 1543 2484 ediverlitnte
1557 2408 1646 2484 inter
1660 2404 1899 2506 subjeslionem
1919 2407 1994 2488 sub·
2044 2441 2125 2524 ’,η

456 2599 459 2614 ‚
514 2499 654 2579 dirorum
676 2510 863 2608 Principis,
889 2510 923 2582 dt
945 2511 1080 2582 Civium
1102 2435 1256 2608 respedu
1274 2493 1490 2602 Magistratus
1507 2511 1541 2579 in
1559 2508 1703 2606 quadam
1719 2512 1864 2585 Civitate
1880 2513 1991 2610 smpe-
2030 2523 2125 2610 gtiun

456 2629 458 2664 ³
509 2601 596 2688 rieli,
620 2609 853 2703 Responderunt
876 2609 1016 2700 minime
1032 2607 1172 2703 quidem
1191 2606 1400 2700 negandum,
1424 2628 1580 2698 magnam
1603 2601 1727 2677 subesse
1740 2605 1988 2698 differentiam

456 2697 460 2736 ³
511 2701 598 2774 Nam
612 2701 664 2776 illi
680 2730 852 2803 nunquam
866 2708 902 2777 in
916 2707 1080 2804 Principis
1098 2705 1131 2778 dr
1146 2709 1374 2779 Dominorum
1396 2700 1532 2776 suorum
1547 2701 1822 2786 territorialium,
1847 2705 1883 2778 hi
1902 2703 1990 2805 saepe

510 2797 543 2872 ad
557 2800 780 2896 Magistratus
796 2805 829 2878 dr
843 2809 1040 2877 Senatorum
1058 2804 1255 2897 dignitatem
1277 2804 1488 2876 evehuntur:
1519 2801 1618 2873 Cives
1633 2799 1667 2872 a
1684 2803 1860 2884 Senatores
1874 2825 1914 2876 cx
1932 2827 1989 2878 eo·

458 2957 463 2972 .
510 2896 578 2972 dem
593 2903 752 2975 Civitatis
766 2927 911 3000 corpore
932 2901 1128 2988 sumuntur,
1153 2898 1275 2974 subdiri
1296 2901 1328 2973 dt
1348 2903 1518 2996 Principes
1536 2923 1602 2973 non
1618 2898 1752 2970 itidem:
1779 2902 1992 2976 Conveniunt

510 3017 614 3070 tamen
633 3001 737 3073 etiam
753 3002 786 3072 in
800 3001 935 3085 multis,
958 2998 999 3074 sn
1014 3025 1082 3073 non
1096 3001 1207 3074 minus
1223 3003 1323 3073 Cives
1344 2999 1403 3071 luo
1419 2995 1650 3092 Mugillmtui,
1673 3021 1774 3094 quam
1793 2995 1914 3072 subditi
1929 2995 1990 3073 suo

508 3095 651 3197 trintipi
665 3097 806 3173 obedire
821 3121 1009 3194 coguntur,
1035 3095 1220 3184 tributum,
1245 3093 1543 3192 redigentium
1567 3120 1725 3176 munera,
1751 3092 1807 3168 seu
1830 3093 1990 3194 persona·

508 3191 563 3280 lia,
590 3193 649 3270 seu
662 3199 912 3295 patrimonialia
926 3223 965 3270 ea
978 3194 1058 3279 lint,
1082 3192 1260 3295 praellare;
1284 3196 1401 3269 eadem
1418 3220 1501 3288 ergo
1520 3197 1669 3276 ratione,
1694 3189 1718 3266 fi
1736 3195 1835 3267 Cives
1849 3194 1987 3270 diversae

507 3289 654 3368 benno
675 3299 878 3371 Decretorio
897 3297 1084 3389 Religionis
1107 3297 1302 3368 exercitium
1327 3293 1543 3365 introducere
1564 3291 1784 3376 molirentur,
1807 3289 1988 3386 Magistra·

506 3409 554 3464 tus
565 3393 633 3464 illis
650 3391 870 3469 neceffitatem
884 3393 1071 3488 emigrandi
1086 3395 1283 3491 imponere,
1307 3415 1364 3465 aut
1385 3390 1597 3490 prohibendo
1613 3386 1761 3464 restslere
1775 3393 1924 3488 poterit,
1950 3389 1987 3468 ἀ
2100 3393 2111 3412 '

504 3483 524 3559 s
536 3494 625 3564 vires
642 3486 733 3565 forte
747 3490 920 3576 deficiant,
945 3496 980 3564 in
1002 3487 1080 3565 foro
1101 3514 1314 3591 competente
1337 3516 1451 3564 coram
1473 3487 1637 3587 supremis
1658 3489 1820 3562 nimirum
1842 3491 1985 3586 Imperii

503 3586 696 3665 Dieasleriis
718 3589 884 3669 aslionem
903 3587 1017 3666 fracte
1031 3592 1125 3666 Pacis
1142 3614 1262 3666 contra
1281 3589 1447 3688 ejusmodi
1467 3589 1663 3665 temerarios
1678 3587 1858 3662 violatores
1878 3589 1984 3663 interr·

501 3701 580 3766 tate.

1142 3827 1174 3918 a.
1219 3817 1366 3898 xvrr.

610 3967 669 4045 Ad
697 3975 853 4068 Qunam
877 3965 1130 4067 Respondeturz
1156 3974 1241 4043 Non
1258 3964 1369 4068 sequi,
1394 3967 1504 4068 quod,
1531 3966 1989 4068 quianonsolusMagislra··
2031 3973 2124 4058 μᾶ

497 4069 724 4142 lascivitatis
747 4066 879 4154 liberae,
909 4065 965 4141 sed
987 4066 1118 4142 insimul
1139 4093 1256 4142 omnes
1278 4073 1393 4151 Cives,
1421 4072 1548 4141 Statum
1576 4073 1717 4170 Imperii
1742 4071 1979 4169 repraescntant
2018 4067 2122 4142 ΜΠ·

495 4163 737 4264 &complent,
763 4168 841 4240 ideo
855 4171 955 4241 etiam
974 4164 1092 4262 singuli
1108 4169 1206 4239 Cives
1222 4171 1351 4240 Statum
1374 4169 1514 4264 Imperii
1531 4193 1640 4262 agant.
1691 4168 1757 4241 Etsr
1773 4173 1861 4240 enim
1878 4163 1980 4242 crasse

494 4259 685 4436 bppuendo,
712 4263 907 4340 universitas
931 4266 1016 4339 nihil
1038 4265 1128 4339 aliud
1150 4263 1205 4348 stt,
1231 4291 1333 4362 quarn
1348 4262 1408 4362 ips·
1428 4266 1581 4340 homines
1602 4266 1841 4350 universitatis,
1867 4289 2004 4354 tameo,

495 4357 513 4432 s
554 4361 1169 4536 tilitatc&fildioncpurisuniverlltas
1186 4360 1399 4460 repraesentat
1415 4389 1515 4436 onam
1531 4363 1725 4462 personam,
1741 4390 1814 4463 quae
1830 4361 1874 4437 est
1888 4361 1979 4436 aliud

495 4461 576 4558 quid
598 4459 641 4533 ab
657 4462 853 4539 hominibus
886 4463 1007 4556 tngulis
1028 4459 1260 4535 universitatis.
1311 4464 1436 4534 Civitas
1456 4465 1646 4561 Imperialis
1664 4461 1711 4536 ell
1727 4464 1844 4559 utique
1865 4463 1977 4532 Stante

494 4559 659 4659 Imperii,
684 4562 743 4637 hic
763 4586 875 4635 autem
897 4563 1031 4645 honor,
1064 4549 1133 4633 h'aec
1156 4563 1377 4732 ppaerogativa
1397 4559 1630 4634 Universtaris
1651 4558 1715 4643 ell,
1747 4584 1813 4630 non
1836 4555 1978 4650 singulo·
2091 4609 2094 4614 -

1201 4682 1303 4738 tttms.
1350 4663 1443 4756 Quin
1457 4661 1529 4736 imo
1548 4659 1599 4733 illi
1616 4657 1695 4762 ipsi,
1721 4658 1832 4755 quiin
1853 4659 1977 4731 Senatu

497 4680 596 4749 mm,
619 4681 659 4738 ut
679 4657 785 4764 supra
806 4664 921 4762 §.th
937 4657 1014 4736 satir
1032 4658 1153 4736 demon

1318 4763 1362 4832 M
1389 4785 1409 4831 a
1886 4749 1974 4838 sunt,
2010 4821 2020 4840 ,
