4950 5567
516 616 593 715 4⁶0
918 586 1544 726 *otssttrtrarto
1647 583 1651 590 ’

434 863 437 870 ,
521 789 695 870 venientia
718 782 793 858 sunt
811 777 1025 880 composta,
1049 780 1257 878 compendiis
1275 783 1479 878 privatisque
1497 783 1645 879 partium
1670 777 1788 856 lludiis
1808 757 1941 858 inservit

373 909 376 916 ·
525 889 823 976 anormalegutu
846 885 988 977 Imperii
1012 877 1336 960 fundamentalium,
1374 879 1600 975 illorumque,
1635 881 1755 977 quibus
1783 885 1835 954 hae
1865 883 1941 956 suffr

526 987 620 1068 sunt,
646 985 906 1080 principiorum,
934 1003 1033 1074 quam
1059 973 1244 1066 longissime
1267 978 1421 1060 deviant,
1446 978 1480 1047 u
1495 981 1628 1073 qutdtis
1647 978 1757 1061 aliud,
1786 1005 1893 1079 quam
1912 1009 1941 1054 vt

527 1099 629 1166 atoue
645 1083 805 1172 genuinos
823 1080 943 1150 harum
960 1082 1088 1166 Legum
1105 1071 1305 1165 fignificatus
1321 1075 1514 1155 intendunt,
1540 1080 1632 1147 omni
1655 1074 1711 1147 sua
1727 1081 1780 1157 vi,
1808 1077 1934 1153 robore

527 1167 672 1257 efficacia
689 1175 839 1256 destitui,
864 1199 901 1246 ac
916 1174 957 1245 ab
971 1173 1048 1269 ipss
1064 1171 1211 1262 Legibus
1235 1166 1347 1242 refelli
1361 1172 1472 1267 palam
1488 1170 1522 1243 dt
1539 1176 1574 1243 in
1590 1176 1706 1270 aprico
1727 1172 1787 1246 est.
1835 1186 1941 1268 Atqui

397 1305 402 1316 ’
530 1297 732 1380 comparata
747 1272 820 1344 l'unt
834 1275 1085 1350 conventiones,
1110 1293 1193 1364 quas
1209 1270 1345 1341 Autltot
1361 1270 1535 1361 indigitat,
1561 1274 1620 1368 qui
1641 1269 1805 1343 subtiliter
1824 1275 1941 1347 incede

531 1378 632 1450 toties
654 1367 816 1468 rejcssum
839 1370 904 1442 hoc
925 1365 1020 1441 suum
1044 1369 1248 1465 principium
1277 1389 1435 1462 tanquam
1460 1371 1596 1439 unicum
1619 1362 1880 1442 fundamentum
1900 1368 1941 1468 sur

491 1525 495 1548 -.
532 1472 681 1550 slruere,
707 1467 856 1560 talesque
875 1469 1110 1538 conventiones
1126 1465 1272 1560 Legibus
1287 1459 1478 1536 conformes
1501 1466 1642 1537 reddere
1662 1468 1861 1540 omnimode
1879 1493 1940 1540 con

533 1571 594 1642 dit.
646 1572 732 1638 Cum
750 1563 848 1658 hujus
865 1566 1024 1659 principii
1045 1564 1184 1634 inanitas
1204 1560 1337 1634 abunde
1361 1558 1437 1633 satis
1460 1558 1564 1634 fuerit
1583 1562 1743 1635 hosbertus
1768 1564 1940 1638 demonlir

533 1664 634 1758 facile
649 1684 806 1760 apparet,
830 1663 1067 1733 conventiones
1090 1659 1155 1732 hoc
1173 1661 1342 1756 principio
1386 1659 1596 1756 rinciprliter
1614 1656 1785 1746 suffultas,
1808 1685 1849 1734 ut
1866 1667 1942 1756 Legi

488 1809 505 1830 c
533 1758 839 1840 fundamentalibus
853 1783 873 1830 e
888 1761 1053 1833 diametro
1073 1779 1297 1854 repugnantes
1316 1683 1449 1828 inimul
1474 1761 1575 1830 etiam
1594 1781 1772 1840 corruere,
1795 1758 1889 1853 jutta
1909 1761 1941 1832 ill

533 1881 713 1935 corruente
729 1855 907 1953 principali
931 1856 1106 1928 corruit&
1122 1850 1349 1927 accessorium.
1394 1850 1626 1926 Sublimillims
1643 1858 1733 1928 euim
1745 1855 1781 1929 dt
1796 1855 1934 1951 inlignia

484 1945 487 1958 ¹
532 1960 611 2058 jura
625 1961 711 2030 circa
727 1951 834 2035 sacra,
859 1978 933 2047 quae
950 1976 999 2024 tot
1013 1953 1157 2022 millium
1179 1948 1446 2023 Christianorum
1467 1954 1642 2024 hominum
1663 1949 1822 2045 sanguine
1840 1981 1879 2028 ac
1899 1960 1941 2047 inp

534 2056 625 2130 tibus
640 2053 787 2149 pecunie
801 2049 937 2120 summis
954 2047 1151 2134 constitere,
1178 2051 1305 2120 nonita
1321 2071 1511 2141 comparata
1527 2047 1617 2132 sunt,
1644 2072 1681 2122 ut
1694 2073 1761 2122 tant
1776 2046 1876 2123 facilc
1891 2057 1941 2123 ot

534 2150 668 2248 cipibus
685 2148 799 2227 avelli,
827 2146 909 2217 &io
930 2143 1078 2216 subditos
1101 2167 1258 2240 tanquam
1282 2142 1425 2240 subjcsia
1446 2149 1632 2244 incapacia,
1665 2171 1813 2242 quorum
1835 2147 1884 2223 est
1903 2175 1941 2243 gr

534 2269 699 2348 peragere
719 2267 784 2339 pro
797 2240 953 2334 omnibus
969 2244 1027 2324 iis,
1054 2267 1127 2338 quae
1141 2240 1271 2314 summo
1285 2239 1448 2316 beneficio
1464 2268 1532 2316 tana
1553 2271 1615 2342 per
1630 2248 1667 2320 P.
1682 2249 1726 2318 R.
1740 2271 1844 2342 quam
1858 2253 1912 2318 W.
1926 2272 1941 2318 a

534 2365 701 2428 nuerunt,
736 2335 912 2412 transferri
934 2338 990 2411 illa
1014 2362 1148 2436 queant.
1219 2344 1282 2437 Jus
1304 2344 1395 2413 enim
1417 2344 1481 2416 hoc
1504 2347 1591 2414 circs
1612 2347 1711 2415 Sacra
1734 2367 1802 2416 tam
1825 2368 1941 2438 genera

380 2455 382 2460 '
532 2465 637 2538 quam
651 2436 824 2531 speciatim
838 2459 1029 2534 acceptum,
1054 2433 1237 2532 presertim
1252 2461 1355 2534 prout
1369 2434 1494 2532 spedas
1506 2445 1568 2536 Jus
1584 2441 1816 2513 introducendi
1839 2443 1941 2538 public

536 2534 723 2629 Religionis
739 2536 914 2606 domitrice
932 2536 1144 2616 exercitium,
1170 2559 1248 2630 pars
1264 2537 1371 2630 princi
1400 2538 1483 2610 alior
1497 2541 1531 2610 dt
1546 2535 1706 2633 potestiva
1718 2542 1812 2634 Juri's
1829 2541 1941 2616 territa

350 2610 355 2631 ¹
411 2679 416 2686 ·
535 2639 598 2716 lie,
622 2628 1250 2732 Jusitidemregium&supremarum
1269 2630 1938 2728 bosbodpsscffleinobmtffinlnbcnl)

536 2733 603 2828 ssas
619 2730 739 2823 Regal,
764 2724 888 2801 fatente
903 2727 1072 2894 puondam
1093 2728 1258 2802 Mauritio
1273 2728 1483 2827 Landgravio
1497 2729 1814 2814 Hosio-cadetano,
1840 2733 1941 2804 adeor

537 2852 668 2908 matur,
693 2849 729 2897 ut
744 2825 808 2897 fine
829 2826 889 2896 illo
918 2827 1117 2919 uperiotitas
1134 2825 1345 2897 territorialis
1361 2827 1497 2912 mutila,
1529 2853 1661 2911 manco,
1693 2830 1727 2902 dt
1750 2830 1923 2902 dimidists

538 2930 634 2999 mino
650 2925 810 2994 territorii
825 2944 997 2991 remanere
1012 2918 1202 3006 censeatur,
1217 2920 1414 3024 infimulque
1428 2953 1466 2999 ex
1480 2930 1572 3021 praxi
1587 2931 1724 3022 lmperii
1739 2928 1874 3022 publica
1890 2952 1941 2999 utr

539 3047 608 3117 que
623 3022 725 3114 partis
741 3016 1005 3089 cortvcrrtionedt
1022 3015 1245 3091 Instrumento
1255 3024 1345 3092 Pacis
1361 3024 1545 3098 coullanter
1561 3022 1703 3094 liberum
1720 3027 1752 3096 dt
1768 3025 1941 3098 indivulse«

537 3118 776 3214 superioritate
791 3114 985 3186 territoriali
1001 3140 1182 3186 connexum
1196 3117 1249 3212 jus
1272 3114 1478 3193 reformandi
1496 3122 1604 3201 audit,
1655 3122 1722 3192 uod
1744 3147 1821 3194 cum
1842 3149 1862 3193 a
1881 3149 1941 3196 nen

537 3213 717 3309 impedit-i,
750 3237 786 3283 ac
804 3211 983 3308 nequidem
1002 3213 1089 3284 ultra
1107 3213 1321 3286 limitationes
1343 3215 1488 3316 erprelsa
1506 3219 1579 3310 lege
1602 3146 1704 3289 falsas
1722 3223 1756 3289 in
1781 3222 1941 3316 praejudic

539 3315 675 3411 Jurium
688 3312 842 3380 Dominis
859 3309 1116 3380 territorialibus
1135 3335 1197 3406 per
1213 3315 1249 3387 P.
1263 3319 1317 3387 W.
1334 3319 1594 3410 competentium
1611 3314 1762 3407 restringi
1778 3318 1894 3411 jubeat
1911 3323 1938 3410 s.

540 3411 618 3504 quis
637 3431 750 3499 aequus
770 3432 883 3477 rerum
903 3407 1029 3478 arbiter
1052 3404 1185 3479 summae
1207 3409 1281 3479 illos
1300 3411 1463 3507 injullitiae
1481 3414 1557 3508 jure
1575 3417 1695 3484 merito
1716 3439 1784 3483 non
1802 3422 1928 3510 poterit

537 3499 706 3584 incosa're,
734 3506 792 3599 qui
812 3500 928 3575 relisis
943 3501 1021 3573 boni
1037 3507 1124 3600 aequi
1140 3529 1175 3576 ac
1196 3503 1274 3598 julli
1295 3507 1427 3593 semita,
1457 3508 1587 3605 rejcslis
1609 3511 1691 3582 lanis
1709 3517 1862 3603 genuinae
1884 3517 1941 3586 lter

533 3603 684 3674 uertices
700 3602 892 3695 principiis,
918 3622 1033 3671 contra
1047 3601 1168 3671 claram
1186 3602 1419 3696 paciscentium
1440 3611 1657 3680 intentionem
1671 3611 1767 3680 ultra
1779 3610 1849 3707 ipsa
1871 3611 1937 3685 sacr

536 3704 594 3774 W.
611 3697 765 3786 dogmata
785 3723 851 3767 non
868 3693 974 3768 solum
991 3720 1152 3768 conantur
1169 3698 1335 3776 summum
1358 3708 1423 3780 hoc
1439 3707 1562 3798 Regale
1583 3705 1688 3802 pailis
1709 3707 1875 3803 ejusmodi
1894 3710 1941 3781 lin

437 3883 443 3904 Ι
536 3822 593 3877 re,
621 3791 675 3863 scd
692 3793 781 3887 <prod
800 3797 929 3885 magis,
954 3793 994 3862 ad
1011 3818 1155 3864 extrema
1168 3795 1400 3880 delleslcntes.
1428 3803 1605 3874 sStatibus
1629 3827 1786 3901 tanquam
1808 3811 1896 3879 veris
1919 3805 1941 3877 d

536 3894 608 3988 ipla
624 3896 714 3980 Lege
734 3893 830 3962 unice
847 3891 966 3981 agnitis
991 3889 1219 3982 poll'clloribus
1241 3921 1277 3969 ac
1296 3903 1451 3970 Dominis
1471 3901 1552 3970 illud
1576 3905 1707 3995 penitus
1727 3905 1888 3986 avellere,
1920 3904 1941 3974 d

536 3989 687 4065 subditos
702 4009 859 4079 tanquam
877 3984 1019 4080 subjesla
1034 3986 1272 4083 incapacillima
1294 3997 1357 4066 tale
1377 3997 1430 4090 jus
1450 3995 1567 4067 ollibus
1584 4002 1809 4074 Dominorum
1831 4006 1941 4074 territo

538 4090 624 4160 lium
639 4085 803 4156 inhaercns
819 4087 953 4181 penitus
974 4081 1172 4166 transferre,
1200 4087 1231 4158 dc
1252 4087 1291 4159 lic
1307 4094 1459 4164 ordrnem
1475 4095 1658 4166 naturalem
1673 4097 1809 4171 turbare
1823 4102 1927 4172 indies

538 4189 590 4278 gis
605 4184 778 4279 magisque
793 4181 1015 4266 contendunt,
1040 4206 1115 4253 cum
1132 4204 1241 4254 tamen
1260 4187 1388 4262 disertis
1404 4192 1508 4263 literis
1525 4189 1643 4264 summi
1664 4194 1764 4286 hujus
1779 4196 1866 4292 juris
1887 4196 1941 4270 inal

537 4281 739 4357 cabilitatcm
754 4306 821 4358 nou
834 4304 901 4362 unu
922 4283 959 4358 t.
983 4285 1036 4362 W.
1051 4278 1144 4370 loco,
1175 4277 1313 4383 ipsaque
1333 4291 1427 4389 Juris
1448 4314 1566 4368 natura
1588 4286 1636 4366 sar
1656 4287 1941 4397 sudigicoterque=

536 4401 672 4475 quatur.

1785 4641 1790 4649 ,
1863 4681 1941 4774 §.x
