4950 5567
577 645 659 737 ‘754
1031 603 1615 693 DissnRTnTto

586 805 771 906 numlibet
792 793 851 898 lid)
873 789 1106 889 libltlllmmtn
1123 791 1223 890 [allen
1241 789 1379 892 loltn);
1404 815 1480 868 curn
1496 815 1602 889 porro
1621 788 1814 889 utriusque
1829 790 2007 886 religionis
2020 795 2078 866 Sti·

588 939 643 989 tus
660 911 724 980 dici
740 918 905 998 nequeant
921 918 999 984 erga
1015 890 1203 966 seinvicem
1219 888 1330 965 faeere
1348 915 1479 989 partes,
1504 889 1583 962 dum
1603 892 1761 961 nonnulli
1782 915 1824 962 er
1840 917 1930 975 uria,
1958 917 2030 964 cum
2045 893 2080 964 al-

588 1035 662 1086 tera
678 1002 823 1077 unanimi
840 1019 936 1092 parte
951 988 1142 1088 conspirant
1152 1014 1161 1075 ;
1187 1015 1297 1086 neque
1312 991 1478 1061 Catholici
1494 984 1618 1060 censeri
1635 985 1760 1084 poffinr
1779 985 1902 1061 facere
1923 1015 2011 1062 anani
2026 1017 2082 1086 pii·

592 1133 672 1186 tem,
687 1097 821 1200 quando
835 1093 1012 1165 nonnullos
1029 1114 1068 1158 er
1081 1087 1155 1184 ipso
1168 1087 1425 1160 Protellanrium
1442 1109 1529 1159 stetu
1541 1081 1649 1158 seeum
1665 1084 1877 1181 conjuntlos
1895 1111 2081 1174 numerium

589 1226 699 1300 neque
716 1193 933 1269 Protellautes
950 1185 1059 1284 facere
1075 1188 1232 1278 alteram,
1261 1187 1341 1256 dum
1358 1211 1396 1257 ex
1411 1209 1529 1257 eorum
1545 1181 1640 1256 sotiis
1662 1186 1825 1256 nonnulli
1845 1211 1957 1280 penes
1976 1189 2085 1260 Catho-

589 1292 964 1390 licos'eonl'piciiiniur,
991 1285 1024 1358 dc
1051 1311 1127 1356 cum
1149 1287 1294 1381 denique
1319 1285 1371 1356 his
1392 1279 1615 1356 conformiter
1637 1281 1707 1379 ipsa
1730 1288 1830 1379 pacis
1855 1283 2083 1383 Wetlpbibcae

587 1397 715 1478 fenilio
735 1393 774 1463 ad
791 1385 1038 1486 impediendam
1054 1385 1123 1455 vim
1139 1383 1305 1480 majorum
1321 1407 1387 1453 noti
1404 1378 1479 1452 satis
1494 1377 1557 1454 elle
1576 1379 1741 1466 voluerii,
1771 1405 1810 1453 ut
1831 1385 1953 1455 Staius
1973 1382 2083 1481 fimpli.

590 1503 676 1576 citer
698 1493 731 1566 dt
757 1482 945 1587 promiscue
966 1486 1000 1553 in
1022 1505 1135 1578 partes
1150 1506 1243 1563 cant,
1269 1479 1324 1552 led
1340 1476 1476 1576 precise
1490 1481 1614 1572 erigat,
1639 1500 1676 1550 ut
1693 1484 1851 1551 Catholici
1870 1484 1909 1558 Β
1927 1489 1975 1556 A,
1994 1493 2025 1556 c,
2039 1487 2083 1555 a.

591 1603 664 1672 dim
680 1603 786 1667 Status
802 1593 833 1658 i'n
849 1588 923 1654 duas
937 1603 1035 1675 partes
1053 1578 1221 1659 secedant,
1245 1580 1396 1675 adeoque
1411 1602 1476 1648 nori
1496 1573 1688 1650 divilionem
1705 1581 1870 1650 Staroum
1887 1577 2082 1678 fimplieiter,

592 1695 661 1770 fine
680 1689 750 1762 ullo
774 1679 927 1780 relpcdlu
950 1679 1122 1772 religionis
1139 1676 1382 1760 secedentium,
1408 1672 1463 1749 sed
1479 1667 1626 1772 praelcise
1640 1676 1719 1747 hine
1734 1677 2023 1762 Catholicorum‚
2044 1682 2082 1752 in·

595 1785 899 1867 del'ioiellaniium
922 1801 1032 1874 partes
1056 1774 1236 1858 desiderem
1263 1800 1362 1846 nemo
1385 1800 1451 1846 non
1473 1773 1632 1854 advertit,
1659 1772 1823 1846 desiderio
1839 1801 1881 1848 ac
1900 1779 2080 1869 gravam„

594 1901 637 1966 A.
656 1894 694 1960 C.
714 1891 865 1956 Siariium
888 1899 1097 1972 nequaquam
1119 1899 1176 1956 eo,
1200 1898 1239 1945 ut
1261 1869 1418 1966 suffragia
1434 1870 1561 1967 majora
1581 1870 2079 1968 promil'cua&abs01·m„q,

591 2013 656 2090 por
678 1975 851 2054 dilleiisom
874 2001 912 2045 ex
937 1975 1085 2070 plurium
1102 1995 1229 2043 tantum
1251 1968 1416 2063 suffragiis
1434 1973 1466 2040 in
1484 1993 1569 2042 coetu
1585 1967 1845 2042 Proteliantium
1863 1974 2018 2046 elicitum
2030 1978 2078 2044 im·

594 2088 793 2184 pediauiur,
821 2074 875 2146 led
892 2097 933 2142 eo
951 2092 1078 2142 tantum
1095 2065 1267 2164 spoliasse,
1290 2092 1330 2138 ne
1346 2066 1528 2164 majoribus
1546 2068 1800 2140 catholicorum
1825 2066 2004 2166 suffragiis
2019 2077 2078 2144 Sta-

592 2208 647 2257 tus
664 2190 705 2253 A.
723 2183 762 2247 C.
771 2168 895 2244 iddic'li
911 2194 971 2238 ceu
987 2191 1126 2236 numero
1143 2169 1317 2262 pauciores
1336 2168 1368 2236 iii
1382 2169 1482 2239 certis
1498 2164 1599 2238 erulis
1609 2189 1880 2262 pregravatur,
1899 2197 1938 2243 rc
1949 2169 2077 2268 proinde

477 2299 481 2308 '
593 2285 631 2356 in
653 2275 723 2375 ipla
740 2276 841 2344 etiam
858 2293 937 2362 pace
951 2263 1174 2359 ll'cllpbalica
1192 2288 1319 2334 tontum
1337 2288 1452 2336 eontra
1469 2263 1597 2360 majora
1613 2265 1872 2338 catholicorum
1891 2293 1999 2363 pura,
2022 2291 2077 2338 „011

534 2367 538 2378 .
591 2403 675 2452 vero
697 2393 813 2448 eontra
832 2365 960 2464 majora
972 2358 1163 2463 promiscua
1178 2362 1211 2434 dc
1226 2359 1374 2436 absolute
1389 2362 1465 2435 ralia
1480 2370 1523 2436 A.
1539 2365 1578 2436 C.
1595 2359 1739 2435 Sistibus
1753 2361 1960 2462 presidium
1978 2367 2077 2442 daiam

590 2471 699 2554 soille.

1215 2655 1245 2744 ἑ.
1295 2651 1454 2724 XXIV.

710 2829 843 2904 Etenim
867 2825 941 2919 quis
963 2819 1076 2891 credat
1095 2823 1340 2915 Imperatorem
1363 2820 1524 2892 &Status
1542 2821 1732 2894 Catholieos
1749 2826 1791 2894 il.
1807 2825 1847 2896 C.
1871 2821 2019 2898 addistis
2038 2825 2076 2898 in·

596 2933 735 3022 dulgere
754 2927 833 3021 quid
851 2917 1002 3001 volnillc,
1030 2921 1154 3011 dequo
1172 2919 1204 2986 bi
1222 2942 1262 2985 nc
1279 2921 1458 3007 cogitarim
1474 2920 1628 3013 quidem,
1656 2945 1712 2990 aur
1727 2921 1766 2989 ad
1782 2923 1878 3017 qood
1896 2922 2014 2996 saliem
2029 2947 2074 2995 eo

595 3058 670 3105 tum
697 3033 798 3123 pciiia
823 3021 909 3091 houd
932 3019 1156 3087 colliniariut?
1182 3042 1250 3084 imo
1274 3014 1294 3084 li
1318 3015 1372 3086 l'ua
1396 3021 1494 3086 eiiam
1520 3017 1679 3112 pullulata
1697 3045 1736 3087 eo
1758 3017 1984 3109 redegill'ent,
2012 3023 2076 3120 quis

595 3131 708 3201 eredas
733 3123 922 3190 (Iniliolicos
947 3139 1092 3208 uuquam
1115 3138 1181 3181 tam
1205 3139 1377 3184 enormem
1401 3118 1432 3183 iii
1458 3139 1570 3209 partes
1592 3113 1777 3185 discedendi
1804 3118 2008 3211 potestatem
2030 3120 2078 3191 suo

597 3221 753 3299 eoiil'ciisu
778 3219 977 3314 probaturos
1003 3209 1119 3282 i'iiille'?
1158 3216 1232 3280 Hac
1256 3216 1382 3306 quippe
1399 3238 1464 3281 tam
1486 3212 1594 3306 ampla
1613 3208 1765 3283 fertiliore
1782 3211 1979 3309 luppob'ta,
2004 3218 2078 3289 sum·

594 3351 683 3398 mam
700 3321 739 3388 iic
755 3321 894 3406 negotiis
912 3311 1052 3407 publicis
1071 3335 1134 3402 pro
1151 3309 1258 3377 lubitu
1276 3309 1470 3404 disponendi
1489 3311 1707 3380 &decidendi
1726 3310 1906 3382 arbitrium
1924 3316 1965 3384 ad
1977 3321 2077 3387 Stator

598 3433 639 3495 A.
659 3426 686 3489 C
720 3415 867 3484 aildi'tlos
886 3413 988 3488 redit,
1013 3433 1111 3501 atquc
1131 3409 1206 3476 iude
1224 3409 1339 3476 endem
1358 3407 1556 3485 Catholicis,
1583 3434 1655 3503 quae
1674 3410 1843 3504 quondam
1859 3413 2078 3484 protestames

594 3521 634 3590 ab
650 3520 811 3584 illiiiiirarn
831 3535 891 3605 pei·
907 3506 1031 3600 majori
1049 3505 1266 3574 concludendi
1282 3505 1432 3574 libertate
1444 3503 1499 3573 libi
1518 3509 1692 3575 imminere
1714 3508 1832 3575 domno
1845 3504 2075 3591 eausnbar'iiur,

595 3621 665 3689 imo
691 3614 805 3709 pejora
828 3637 843 3676 a
862 3633 926 3676 iam
950 3605 1047 3699 plcim
1065 3627 1115 3672 res
1132 3603 1164 3670 ἅ
1182 3608 1313 3693 negotia
1331 3604 1508 3672 comitialia
1527 3604 1720 3673 moderandi
1739 3604 1881 3674 arbitrio
1903 3609 2078 3679 metuendi

593 3735 737 3787 maiicut.
790 3711 822 3776 Si
847 3705 935 3798 quod
960 3727 1047 3770 cuim
1074 3705 1187 3795 paucis
1209 3699 1406 3794 quibusdam
1430 3725 1494 3768 nori
1514 3704 1638 3770 arridet
1656 3701 1844 3771 coiielul'om
1864 3729 1881 3770 a
1898 3706 2078 3800 majoribus

594 3817 693 3884 etiam
714 3802 907 3901 promiscuis
922 3797 1122 3876 liutitiorum,
1151 3822 1206 3866 nur
1227 3796 1267 3875 fi,
1296 3799 1384 3892 qood
1402 3821 1570 3878 metuunt,
1598 3824 1798 3894 praeteriere
1814 3803 2016 3888 intendunt,
2035 3803 2077 3875 lu·

586 3911 665 3981 'bitu
685 3909 722 3974 nl
743 3905 793 3996 jus
812 3904 955 3996 portiom
979 3897 1172 3972 coiivoliie,
1199 3920 1297 3987 nique
1322 3922 1354 3962 in
1380 3919 1544 3965 conventu
1570 3921 1607 3965 ea
1628 3897 1667 3964 de
1693 3895 1786 3966 causo
1810 3925 2000 3974 convocato
2023 3927 2078 4000 pgr

594 4005 750 4094 lullo-,giu
771 4000 918 4093 plinium
938 4000 971 4064 in
989 3990 1144 4063 alleiisum
1161 3988 1258 4061 facile
1275 3993 1537 4063 iiiduceudortim
1557 3990 1778 4066 discessioncm
1793 3996 1998 4083 decernere,
2029 3998 2077 4072 sio

593 4131 658 4204 que
674 4095 812 4173 cilntlull
829 4123 845 4164 a
861 4093 1042 4188 majoribus
1059 4087 1193 4159 formari
1211 4089 1261 4160 vel
1278 4086 1445 4159 formandi
1461 4092 1528 4159 tim
1547 4116 1680 4162 omnem
1703 4092 1795 4163 nullo
1820 4101 1960 4186 negotio
1983 4100 2076 4170 inter·

592 4225 723 4276 veraci:
740 4199 851 4266 (lulum
868 4187 975 4270 locet,
999 4190 1090 4260 millo
1104 4189 1169 4282 jum
1187 4187 1322 4258 decrero
1343 4191 1529 4268 communi,
1556 4187 1615 4258 nili
1631 4191 1671 4261 ad
1695 4215 1810 4261 eorum
1829 4192 2075 4292 beneplacitum

592 4325 655 4397 per
672 4299 818 4394 plurium
838 4288 992 4378 lcil'ragia
1007 4289 1235 4365 conciliatum,
1263 4283 1397 4356 eileliui
1422 4285 1530 4356 dando
1555 4286 1588 4357 di
1610 4287 1766 4358 concliibs
1789 4290 2077 4390 qualibuscunque
2123 4295 2125 4370 l

590 4393 812 4491 'iiiipediaiilzu
871 4388 972 4457 Unde
987 4381 1034 4456 fas
1051 4381 1128 4454 ellet
1141 4392 1181 4455 Α.
1201 4388 1239 4455 C.
1255 4382 1417 4462 Statilius,
1446 4385 1478 4453 id
1505 4381 1560 4454 sibi
1578 4384 1645 4477 jam
1665 4383 1819 4468 nllerere,
1855 4392 1949 4484 quod
1971 4395 2006 4461 in
2023 4399 2076 4464 Ca·

593 4495 726 4566 tbolicis
743 4488 793 4558 cel
812 4489 952 4556 nlitxlme
968 4482 1257 4579 improbaverant,
1286 4481 1316 4552 di
1344 4484 1377 4568 iii
1403 4506 1471 4579 quo
1498 4480 1677 4578 potillimas
1703 4490 1939 4580 exceptionum
1966 4516 1984 4561 a
2008 4491 2077 4587 jura

590 4592 759 4687 majorum
780 4588 925 4659 rationes
939 4579 1130 4680 poliierant‘.
1179 4583 1220 4651 ln
1237 4579 1307 4653 baec
1324 4603 1453 4669 autem,
1478 4578 1501 4656 li
1527 4577 1673 4681 expresse
1694 4584 1729 4655 in
1748 4580 2003 4683 stipulationem
2029 4591 2075 4659 de.

695 4693 700 4702 ’
1979 4685 2073 4759 auita
