4950 5567
476 611 558 716 'on
580 625 758 710 unane
780 605 1694 758 enonsunornnentoaoonr'uuu.
1712 643 1778 722 uc.
1819 671 1894 754 3„
2023 571 2028 578 ¹

547 835 585 880 ro
611 810 743 896 objesto
764 809 881 885 habet,
912 814 1048 913 amplior
1070 833 1128 900 per
1143 815 1274 882 modum
1294 818 1362 886 litio
1386 820 1545 884 audiatur·
1592 821 1713 899 Quodsr
1731 825 1831 910 igitur
1851 825 1891 889 ad

557 898 643 964 stum
663 897 783 958 nudum
801 891 1000 960 Posselsronre
1019 898 1105 960 Anni
1127 898 1281 964 normalis
1303 903 1334 965 in
1354 900 1582 968 controversiis
1603 908 1643 968 de
1663 905 1893 980 iurisdiltione

522 977 739 1048 Ec'clellastica
752 977 926 1042 Dominum
940 976 1110 1045 Territorii
1124 982 1206 1045 inter
1220 981 1257 1046 dc
1269 983 1410 1050 subditos
1425 985 1635 1050 Protestrntee
1653 998 1775 1062 motae,
1794 993 1892 1055 unice

520 1062 751 1146 respiciendum
765 1058 828 1131 est,
846 1060 957 1136 vider,
978 1065 1087 1126 omnia
1103 1064 1159 1128 illa
1173 1083 1194 1126 o
1219 1067 1306 1130 erose
1322 1069 1471 1154 congesto
1491 1067 1570 1131 nihil
1589 1069 1733 1151 prodesse
1747 1071 1889 1146 subditia,

523 1085 1892 1320 teterpersistenti:trulltgr¹ltelrt2ulr¹ffi⁰tr¹¹²·

673 1312 681 1328 ι
874 1309 918 1326 ..
981 1312 1054 1328 Η
1314 1275 1383 1332 ,⁰
1462 1317 1470 1332 .
1656 1254 1890 1336 emepaere.

523 1308 1894 1482 „tttttttttttlttlltlzistut,Pistris},trististristis

524 1475 670 1544 Domino
712 1476 866 1575 erritorii,
887 1476 946 1576 vel
957 1478 1066 1575 potine
1080 1473 1097 1549 J
1100 1495 1154 1540 ure
1167 1476 1223 1542 suo
1235 1479 1268 1541 iu
1281 1480 1391 1562 regula
1402 1482 1523 1580 utenti,
1547 1499 1713 1563 opponere
1723 1483 1895 1564 exceptio·

523 1558 1895 1730 {trattiittllttrttglttt‘dttlsttltltd'ttilllitrtlitt

524 1726 656 1816 conflat,
679 1726 790 1794 videa,
809 1719 882 1820 'illa‘
895 1721 1049 1806 Principia
1069 1742 1196 1787 manare
1216 1746 1262 1789 ex
1282 1725 1462 1810 Principio,
1482 1747 1502 1790 o
1519 1727 1599 1791 Pace
1612 1725 1701 1795 West
1724 1727 1823 1792 halica
1843 1748 1896 1793 re·

524 1805 740 1905 probato,·&
752 1815 907 1889 petrtono
925 1803 1082 1887 processui
1093 1809 1243 1888 proprio,
1262 1809 1318 1872 vel
1337 1811 1436 1892 ipsum
1448 1809 1572 1874 Annum
1584 1747 1760 1874 normasem
1774 1810 1896 1878 destru-

526 1901 622 1958 ente:
646 1889 758 1953 deinde
770 1904 868 1971 porro
880 1897 993 1950 contra
1004 1886 1109 1950 adleta
1123 1907 1310 1964 monemur,
1325 1892 1360 1954 in
1374 1891 1466 1957 distin
1480 1892 1611 1956 Domini
1624 1891 1774 1958 Audieris
1793 1891 1895 1957 adesse

551 1971 769 2056 raesupposrta,
792 1987 863 2050 quae
884 1971 1074 2051 petitionem
1085 1969 1233 2055 Principii
1247 1971 1378 2056 sapiunt.
1407 1972 1447 2038 E.
1459 1993 1491 2054 g.
1515 1973 1585 2038 Der
1603 1973 1896 2042 Lenda-Heraea-

525 1995 564 2122 ἵε
583 2053 766 2138 derglriclrerr
780 2050 797 2126 J
800 2069 853 2115 ura
867 2069 924 2113 vor
933 2053 998 2115 eim
1010 2055 1053 2114 r'm
1067 2051 1280 2119 Irrstrumeuto
1296 2054 1383 2120 Paria
1397 2053 1585 2138 angariam,
1605 2055 1672 2118 und
1687 2057 1898 2140 aurgemurlrte

529 2137 628 2203 Surlrr
640 2135 795 2216 geleiten,
818 2151 892 2198 cum
906 2143 1012 2196 tamen
1022 2133 1153 2217 desuper
1168 2138 1386 2201 controversa
1398 2139 1579 2211 cooriatur,
1597 2135 1633 2200 dr
1654 2138 1724 2206 DD.
1738 2141 1778 2202 de
1797 2141 1897 2202 dubio

526 2221 564 2366 ἕ.
585 2219 668 2284 sensu
681 2217 782 2280 adhuc
797 2216 894 2279 hodie
907 2226 1097 2298 querantur,
1120 2233 1214 2298 quem
1233 2229 1339 2282 tameo
1360 2242 1404 2283 ex
1423 2220 1476 2282 sua
1491 2221 1645 2302 opinione
1659 2219 1713 2284 hic
1729 2221 1795 2285 loci
1811 2222 1898 2285 deci-

543 2321 614 2376 urn,
635 2300 669 2363 δι
682 2297 902 2362 universaliter
916 2299 1124 2378 adprobatum
1136 2303 1344 2380 pronunciat,
1366 2301 1480 2365 deinde
1493 2302 1659 2382 quomodo
1673 2321 1724 2366 res
1737 2305 1768 2368 in
1780 2302 1899 2366 lustru-

529 2391 643 2448 mento
664 2382 752 2445 Pacis
774 2378 894 2452 decisa,
920 2379 1025 2464 potest
1045 2380 1108 2444 dici
1128 2401 1166 2442 ea
1181 2382 1325 2463 questio,
1346 2402 1420 2446 curn
1441 2385 1583 2446 noudum
1598 2383 1636 2447 ud
1652 2383 1897 2450 instrumentum

528 2465 611 2534 illud
622 2463 748 2548 prorsus
759 2459 797 2525 fit
809 2461 1007 2560 qualificate,
1028 2463 1179 2540 quoniam
1193 2464 1310 2530 subditi
1318 2485 1391 2528 curn
1406 2475 1552 2562 ternpore
1562 2465 1597 2527 dt
1609 2464 1684 2536 Jure
1701 2465 1756 2528 suo
1767 2467 1899 2530 Annum

529 2547 708 2614 normalem
722 2565 766 2609 ex
780 2562 906 2628 propria
920 2543 1122 2608 Consellioue
1134 2563 1201 2611 nou
1213 2549 1394 2634 attingunt,
1411 2545 1463 2616 sed
1473 2564 1509 2614 tn
1518 2544 1697 2632 longiturna
1709 2545 1901 2618 roffeffione

533 2629 570 2700 dt
584 2627 829 2720 proscriptionis
850 2624 925 2704 Jure
943 2625 1004 2693 sese
1021 2625 1167 2702 fundunt.

1050 2801 1084 2892 §-
1134 2790 1267 2871 vrrr.

538 2933 632 3028 Ergo
652 2931 724 3008 hec
745 2926 803 3004 sub
824 2929 989 3028 requireris
1007 2927 1181 3003 involucro
1200 2927 1310 3001 adleta
1324 2925 1452 3002 monite
1470 2921 1606 2999 subditis
1619 2919 1666 2994 nil
1683 2917 1908 3018 opitulentur,

476 3029 515 3105 eli
531 3031 701 3126 longevus
718 3033 900 3125 temporis,
951 3033 1008 3100 uin
1031 3028 1072 3100 ad
1095 3024 1303 3124 septuaginta
1321 3051 1425 3100 annos
1443 3021 1593 3102 extensus
1611 3021 1775 3120 temporit
1788 3019 1906 3094 decur-

477 3182 497 3214 Ν,
520 3128 668 3203 subditos
687 3128 727 3203 ab
748 3151 850 3200 onere
868 3054 1034 3226 prodendi
1054 3125 1199 3200 liberare
1217 3121 1333 3223 pollet.

476 3257 589 3332 durum
605 3259 777 3324 admodum
791 3259 938 3332 videtur,
959 3277 1026 3322 non
1046 3259 1167 3323 attendi
1182 3267 1309 3340 tempus
1326 3255 1522 3341 septuaginta
1541 3255 1725 3324 Annorum.
1746 3250 1796 3316 sed
1813 3248 1909 3326 quid-

540 3343 639 3416 inde,
658 3341 774 3406 sufficit
787 3345 904 3416 uobis,
922 3343 1008 3424 qnod
1021 3362 1079 3404 uec
1101 3342 1140 3404 de
1155 3339 1215 3406 illo
1227 3339 1436 3404 incommodo
1456 3341 1617 3404 curaverit
1635 3337 1701 3402 Pax
1713 3333 1910 3416 Westphali·

532 3433 601 3500 ca,
621 3423 698 3488 licet
717 3426 762 3488 ita
777 3423 903 3507 quidem
925 3443 1026 3506 grave
1041 3424 1188 3487 videatur
1207 3422 1354 3497 subditis,
1376 3431 1483 3484 tamen
1507 3421 1590 3494 Juris
1606 3419 1671 3492 est,
1692 3418 1727 3480 dt
1748 3419 1910 3498 imputan-

537 3509 616 3572 dum
628 3505 905 3581 Pacificatoribus,
947 3507 980 3569 ui
995 3505 1121 3590 praecise
1138 3524 1220 3569 onus
1233 3503 1386 3587 probandi
1397 3503 1436 3567 ad
1456 3505 1584 3568 Annum
1597 3499 1826 3572 decretorium,
1849 3517 1910 3559 nec

539 3590 580 3654 ed
594 3587 860 3674 prescriptionem
881 3525 1086 3671 adstringunt.
1130 3587 1247 3666 Nullus
1258 3588 1339 3652 alius
1357 3587 1512 3652 terminus
1534 3606 1552 3648 a
1575 3585 1717 3648 Domino
1740 3578 1912 3645 Territorii

540 3670 751 3737 etteodendue
766 3716 775 3745 ,
790 3669 850 3734 Fac
861 3714 871 3746 ,
889 3671 1030 3734 subditos
1051 3673 1085 3735 iu
1104 3670 1200 3733 Anno
1221 3671 1311 3752 1625.
1330 3669 1419 3734 soille
1434 3671 1466 3733 iu
1487 3666 1673 3753 posseffione
1687 3665 1832 3726 omnium
1853 3680 1912 3724 eo-

539 3753 746 3902 &affligem
758 3752 971 3900 ‚upupaeexsoepnra
980 3752 1153 3898 gfesgfsngenree
1166 3751 1471 3898 prleilneurpslxffmssfi
1481 3743 1913 3894 puidemrpltaguilfflsalstatpin

541 3920 663 3983 oinium
676 3853 820 4001 prostare
836 3917 939 3990 velit,
957 3856 1017 3982 1:rel
1029 3857 1116 3980 illim
1133 3856 1352 3998 poss'essrooeren
1366 3851 1738 4058 rtgffnslffassxpeurccpguam
1755 3910 1912 3992 proficere

541 4001 674 4075 alserat,
692 4019 764 4063 cum
787 4014 893 4064 tamen
915 4000 1052 4083 spacium
1076 3999 1163 4063 unici
1183 3999 1294 4072 Auni,
1328 3997 1404 4060 hinc
1426 3998 1493 4060 sere
1513 3995 1580 4059 nihi
1610 3996 1643 4060 di
1668 4013 1736 4058 erre
1752 3995 1913 4056 videatur.

542 4083 642 4161 Quod
657 4093 762 4145 tumen
779 4101 875 4146 omne
891 4082 956 4145 hoc
969 4083 1135 4164 negotium
1162 4099 1273 4144 revera
1294 4080 1422 4143 dirimit.
1483 4077 1595 4150 Adde,
1615 4077 1789 4140 Dominum
1806 4075 1914 4139 Auto-

543 4187 613 4231 rem
629 4165 661 4229 in
673 4163 815 4228 Discursu
827 4165 921 4228 nimis
934 4165 1124 4246 generaliter
1137 4164 1284 4227 locutum
1295 4159 1407 4232 soille,
1432 4179 1512 4235 noe,
1534 4161 1628 4224 nobis
1649 4161 1774 4241 quidem
1790 4156 1915 4239 persua-

546 4250 682 4320 demus,
704 4244 879 4329 Principem
891 4245 1118 4310 Protestantem
1128 4245 1207 4309 olim
1218 4247 1250 4309 in
1270 4245 1436 4326 Regimine
1450 4242 1508 4306 suo
1519 4261 1629 4328 parum
1644 4240 1777 4312 curasse,
1793 4259 1831 4299 an
1846 4236 1917 4298 sub·

548 4331 609 4395 diti
621 4327 875 4413 suaeRelrgionis
891 4331 929 4392 ab
944 4330 1040 4392 Anno
1053 4329 1234 4394 decretorio
1250 4326 1366 4412 usque,
1387 4325 1443 4391 vel
1453 4325 1519 4392 alio
1531 4338 1595 4390 tem
1620 4342 1677 4386 ore
1691 4319 1917 4384 Confistorium

549 4413 657 4479 taliter
670 4414 803 4494 qualiter
814 4411 1020 4486 instituerint,
1040 4432 1078 4473 an
1092 4413 1233 4475 rationes
1248 4412 1287 4474 de
1311 4409 1472 4474 Reditibus
1487 4347 1711 4474 Ecclelrpesticis
1725 4402 1918 4466 reddiderint

552 4515 615 4560 uec
634 4513 692 4564 ue,
715 4495 866 4576 quoniam
889 4495 1100 4558 Direstorium
1114 4493 1169 4570 ipfi
1187 4515 1230 4557 ex
1245 4493 1378 4557 Summo
1398 4492 1537 4575 Imperio
1553 4508 1712 4636 nunpurm
1726 4488 1919 4568 denegarant

553 4585 764 4651 exercentes,
791 4578 840 4640 sed
864 4596 936 4640 curn
959 4577 1044 4648 sorte
1060 4579 1092 4639 in
1109 4575 1321 4640 'l’erritorium
1336 4574 1528 4656 Augustanae
1544 4573 1613 4637 Coo
1629 4568 1755 4634 effionia
1770 4567 1918 4650 Princeps

556 4657 743 4728 Catholicue
763 4658 920 4737 succedit,
944 4657 1027 4728 linea
1049 4659 1179 4726 alterius
1200 4657 1289 4725 Fidei
1310 4657 1474 4736 extincte,
1511 4655 1611 4722 multa
1630 4653 1702 4719 sane
1718 4649 1920 4718 coincidunt.

491 4738 588 4821 Tora.
612 4739 683 4820 W.
1253 4743 1285 4817 t
1308 4765 1333 4838 y
1355 4764 1382 4837 y
1849 4745 1923 4820 qua
