4950 5567
589 671 615 728 2
687 539 694 594 ‘
979 631 1409 717 DlssERTAr10.·
1440 629 1688 709 ALTERA

704 820 884 894 nultum,
910 835 1042 882 monere
1058 815 1269 890 direstorenr,
1288 823 1327 878 ut
1346 815 1433 896 prius
1453 814 1593 894 publicet
1607 813 1816 892 elestiouem
1848 815 1884 883 dt
1905 819 1973 886 hoc
1993 821 2089 890 intio

698 904 828 972 'elesius
842 911 964 1002 repetet
982 899 1162 965 consensum
1184 905 1373 984 ptaemutute
1384 896 1503 962 datum.

594 1117 627 1164 r.
652 1085 857 1163 Publicattm
879 1077 1078 1159 eledionem
1101 1081 1280 1180 (quonium
1301 1081 1372 1154 hoec
1397 1084 1498 1161 etium
1520 1079 1563 1152 de
1578 1079 1716 1166 absente,
1754 1079 1787 1152 dt
1810 1079 1900 1169 inscie
1920 1055 2087 1156 celebrati

637 1183 758 1286 potest.
787 1193 860 1280 Cep.
878 1209 936 1256 eo.
952 1185 982 1254 ir.
997 1187 1042 1276 t.)
1058 1203 1214 1254 tenentur
1228 1181 1389 1272 eligentes
1410 1185 1493 1252 intre
1514 1185 1576 1251 ort·
1594 1183 1677 1264 «stes,
1707 1175 1885 1278 postquem
1905 1179 2088 1254 eumruude

633 1304 811 1386 poterunt,
838 1275 1059 1378 presentare,
1083 1277 1139 1352 seu
1156 1275 1338 1372 fignificute
1353 1275 1483 1351 Eletiu.
1507 1279 1525 1308 ⁸⁵

630 1455 652 1498 ⁸
674 1454 749 1536 Cup.
766 1449 816 1514 16.
834 1447 866 1511 h.
881 1457 904 1514 t.
922 1449 955 1512 in
969 1445 1000 1510 6.
1019 1446 1072 1509 ubi
1086 1445 1156 1508 haec
1167 1463 1280 1528 poeno:
1311 1443 1333 1518 fi
1343 1449 1483 1532 eligentes
1493 1445 1643 1510 eteiiinnes
1659 1442 1759 1527 ipsos,
1782 1446 2004 1520 concorditer,
2027 1445 2088 1512 vel

703 1537 737 1600 in
755 1531 927 1606 discordie,
951 1529 1143 1601 celebratos,
1163 1523 1327 1592 intrando
1343 1531 1425 1602 dies,
1449 1529 1614 1612 postquem
1629 1529 1799 1590 commode
1816 1541 1986 1608 poterunt,
2010 1529 2088 1592 Ese-

705 1617 750 1683 iio
762 1632 827 1698 prce
843 1621 946 1675 entare
959 1611 1146 1682 dididerr'ut,
1174 1608 1271 1691 ipsos,
1310 1615 1364 1691 qur·
1376 1613 1536 1694 culpabiles
1549 1614 1582 1672 in
1595 1610 1648 1672 iot
1666 1615 1843 1680 extiterint,
1872 1613 1973 1691 quoad
1987 1607 2032 1686 se,
2064 1617 2106 1674 α’

704 1716 793 1783 prore
818 1711 853 1757 us
864 1693 1067 1777 prosecutione
1080 1695 1214 1756 rotat-'ter
1232 1693 1438 1766 excludentes,
1463 1695 1601 1754 enotrius
1614 1685 1854 1776 beneficiissnis,
1879 1711 1946 1772 qrtre
1964 1695 1998 1753 ite
2015 1689 2088 1774 ipsa

704 1779 851 1861 Ertiejr'a,
880 1775 916 1838 de
939 1775 1025 1856 eujus
1036 1775 1205 1855 provifione
1223 1779 1350 1855 agitur,
1379 1777 1530 1846 obtinrut,
1562 1793 1619 1856 per
1638 1775 2009 1844 tre'ertrtt'umturttinuum,
2042 1793 2088 1838 ex

705 1873 778 1926 tunc
792 1857 1011 1923 inchoandum,
1034 1857 1169 1917 uolumus
1180 1875 1220 1917 eo
1234 1853 1559 1938 ipsofhresnlpeosor,
1582 1855 1624 1916 ad
1640 1874 1722 1936 qua,
1737 1855 1764 1934 ſs
1779 1857 1865 1918 iutra
1876 1855 1952 1916 illud
1965 1865 2087 1937 tempus

699 1945 877 2028 sepeopria
894 1941 1076 2009 temeritate,
1098 1939 1142 1998 uei
1155 1941 1214 1998 otio
1234 1957 1275 2016 qo
1285 1938 1356 2010 efito
1370 1941 1465 1998 tutore
1480 1934 1676 2018 ingesserint,
1699 1938 1760 1997 iltis
1773 1935 1840 2017 ipso
1853 1935 1924 2018 jure
1936 1945 2086 2018 perpetuo

702 2025 766 2109 fine
781 2023 908 2104 priuati.
946 2019 1002 2080 Per
1018 2019 1080 2080 hoc
1095 2019 1274 2100 Cepitulum
1291 2017 1444 2098 posterius
1458 2019 1685 2080 determinetur
1697 2016 1858 2098 dispotitin
1878 2019 1950 2101 Cap.
1964 2017 2086 2096 daed..

708 2119 861 2189 quantum
877 2103 916 2165 ed
932 2103 1027 2167 verbe
1042 2100 1137 2182 hujus
1152 2103 1247 2164 nimis
1259 2119 1360 2184 vege:
1382 2119 1474 2184 prtum
1489 2102 1578 2164 citior
1590 2098 1740 2162 commode
1753 2107 1909 2180 poterunt.

592 2311 631 2381 3.
654 2287 908 2372 intereavero,
932 2281 1013 2353 dum
1027 2277 1234 2378 exspetiutur
1247 2277 1354 2352 Etetii
1369 2277 1561 2361 consensus,
1586 2275 1730 2374 postulet
1751 2273 1821 2372 ipsa
1842 2273 2014 2351 elesiionis
2038 2275 2088 2351 se·

639 2381 709 2458 mel
733 2377 829 2454 fosite
848 2379 1046 2458 constantie,
1084 2401 1209 2452 utnon
1231 2379 1330 2452 liceat
1350 2377 1392 2452 ab
1414 2402 1453 2453 ee
1473 2374 1667 2476 poettiteudo
1685 2373 1843 2450 recedere
1867 2372 2084 2452 eleeior'tbttt.

586 2551 590 2572 ,
644 2488 719 2576 cap.
741 2507 798 2552 er.
822 2485 853 2551 in
868 2481 924 2574 fier.
945 2481 974 2550 h.
991 2497 1017 2550 t.
1044 2475 1064 2516 ¹

630 2644 739 2714 ,⁸1bi:
771 2647 888 2731 etinmfi
904 2646 1001 2710 ditior
1018 2647 1197 2724 prepotens
1214 2647 1348 2708 nondum
1360 2643 1493 2710 editiori
1509 2643 1545 2708 de
1553 2641 1692 2726 sefassoe
1707 2640 1903 2727 consenserit,
1928 2666 1961 2708 eo
1979 2653 2087 2712 tamen

713 2728 1014 2820 CONSENTtIt'E
1050 2727 1286 2821 VosassNTEn
1306 2745 1360 2788 uos
1379 2727 1850 2824 coitionemrpfiosronfirnetrs.
1894 2728 1985 2792 Cnns.
2007 2729 2086 2810 Cup.

597 2851 657 2950 ἶ.-
704 2809 916 3036 ᾗξῑιῗέῑῖἶιζῖἵζ
932 2806 2086 2972 ’33ῖοπῗξέῗ,ἒθίὲὲὲἱῗέἔξιέἱῖἔὲἒὲἴιῗέῗε“ιῗέἷέἓίἶξὲῗὲῖἰὲε.Ρ“ἓῑὲἓῗιῖ

689 3005 694 3016 ·
721 2971 840 3034 aritetis
855 2971 937 3030 ratio
953 2989 1017 3030 uon
1033 2971 1076 3032 est
1092 2971 1180 3043 haec,
1200 2991 1292 3052 quum
1305 2975 1360 3035 dot
1379 2973 1464 3038 Pnu
1475 2995 1496 3035 o
1507 2991 1635 3036 nntrr.
1653 2974 1687 3033 irt
1701 2990 1765 3054 top.
1785 2977 1897 3054 penult.
1922 2971 1958 3035 de
1973 2973 2084 3058 posius.

686 3053 793 3201 *guod
809 3051 963 3114 Cenouici
975 3050 1129 3138 elegerint
1138 3053 1211 3135 jure
1230 3075 1289 3115 reon
1301 3057 1448 3135 proprio,
1469 3057 1518 3118 sed
1533 3072 1573 3116 ex
1585 3051 1677 3196 apicio
1689 3055 1732 3115 eis
1750 3071 1769 3116 a
1781 3055 1854 3138 jure
1869 3058 2021 3136 delegato.
2043 3055 2084 3120 dt

732 3134 913 3214 religendo
928 3132 1027 3198 iuneti
1044 3132 1102 3196 lint
1115 3134 1170 3195 sun
1191 3135 1323 3207 officio,
1354 3136 1433 3200 sicut
1450 3137 1552 3218 judex
1566 3137 1607 3196 de
1619 3145 1731 3214 egatus
1751 3135 1989 3210 sententiendo:
2017 3139 2082 3210 sed,

707 3217 781 3298 quie
795 3215 936 3278 variandi
954 3216 1080 3278 licentia
1094 3216 1232 3278 traheret
1247 3215 1348 3278 secum
1362 3219 1449 3297 pluto
1464 3217 1684 3282 incommode:
1708 3216 1781 3277 bine
1797 3221 1828 3281 in
1844 3219 2084 3300 provisionibus

706 3297 916 3364 Ecclel'rarutn
929 3298 1109 3380 retrogradi
1119 3316 1185 3360 non
1197 3298 1293 3375 iicet,
1311 3298 1362 3363 sed
1376 3299 1568 3374 neceffeest,
1587 3297 1758 3362 identidem
1769 3303 1930 3383 progredi.

589 3491 629 3573 ’4.
649 3479 783 3554 Certior
797 3477 839 3551 de
855 3475 902 3551 sui
919 3473 1082 3553 elesiione
1097 3475 1204 3552 fusius
1219 3479 1361 3578 spatium
1376 3486 1481 3568 menfis
1496 3479 1597 3553 hebet
1612 3475 1651 3548 od
1668 3475 1938 3566 deliberandum,
1963 3509 2003 3554 err
2024 3509 2087 3556 ue·

637 3584 677 3652 iit
697 3583 903 3672 Episcopatrm
920 3602 1091 3672 acceptare,
1116 3604 1168 3650 nec
1187 3605 1251 3651 ne:
1274 3605 1343 3676 quo
1363 3580 1477 3679 inpsu,
1504 3579 1563 3652 nist
1577 3573 1795 3664 consenserit,
1830 3607 1863 3653 eo
1885 3587 1943 3676 ipse
1959 3581 2084 3657 excidit

636 3679 715 3772 jure
732 3673 876 3773 quaesrw.
928 3683 1002 3771 Gap.
1026 3689 1059 3748 6.
1073 3678 1104 3749 d.
1121 3697 1145 3748 t.
1161 3681 1192 3748 in
1210 3691 1243 3751 6.
1266 3675 1286 3716 ¹*

633 3841 652 3880 '
672 3843 824 3924 Exceptio
844 3843 958 3908 ibidetn
972 3841 1027 3906 tit:
1051 3843 1108 3929 nrfi
1121 3844 1253 3908 conditio
1264 3843 1847 3947 personaampiintspatiumreqteirat:
1870 3850 1962 3924 pute,
1984 3843 2084 3908 stRe·

707 3925 841 4007 ligiosus
864 3927 948 3988 sntet
968 3924 1107 3994 etesius,
1130 3929 1182 4008 qui
1201 3940 1332 4011 propter
1347 3931 1480 3994 Abbatts
1497 3929 1539 3992 sui
1556 3929 1722 3992 absentium
1736 3945 1802 3986 non
1816 3925 1916 4007 posset
1929 3941 1990 3988 turn
2010 3930 2082 3991 cito

708 4010 854 4070 obtinere
869 4007 938 4088 ejus
956 4008 1153 4069 consensum:
1178 4029 1243 4088 quo
1263 4011 1332 4072 casu
1347 4013 1503 4076 elediores
1523 4011 1578 4093 ipst
1592 4013 1794 4073 moderantur
1812 4011 1840 4070 ei
1860 4021 1922 4069 tem
1948 4029 2004 4078 us,
2028 4011 2083 4071 in-

707 4102 755 4150 tre
770 4089 854 4172 quod
868 4088 923 4151 nist
937 4090 1079 4150 obtinent
1092 4091 1270 4170 Superioris
1284 4093 1327 4154 sui
1343 4096 1487 4162 veniam,
1509 4115 1551 4156 ex
1566 4103 1642 4156 tnnc
1655 4090 1836 4174 proceditur
1849 4091 1887 4150 ad
1906 4029 1997 4152 eiiam
2013 4091 2084 4155 ele·

709 4171 859 4236 (tionem.
893 4171 1056 4234 Ibidnutn
1080 4170 1290 4255 &huncipso
1318 4195 1372 4238 ure
1388 4179 1545 4258 privatum
1561 4173 1642 4249 eise,
1672 4173 1788 4234 decidit
1808 4171 1942 4236 Extruv.
1956 4191 1986 4235 2.
2002 4171 2032 4237 su.
2054 4185 2080 4238 t.

618 4265 620 4270 '
706 4257 765 4316 int.
780 4273 852 4314 tom.
895 4251 961 4317 Vix
978 4251 1021 4315 est
1035 4265 1163 4325 rutum,
1199 4193 1598 4338 quodiicducetGlnsia,
1629 4267 1665 4316 ut
1683 4253 1828 4332 Regulrri
1851 4255 1955 4316 eletio
1972 4265 2082 4319 currat

707 4333 822 4398 mensis
838 4334 1076 4398 deliberatorius
1096 4337 1194 4398 modo
1208 4357 1226 4400 a
1240 4339 1288 4399 die
1300 4339 1427 4401 obtenta
1443 4340 1589 4400 licentia:
1620 4341 1766 4418 quentviu
1788 4337 1872 4397 enirn
1892 4345 1965 4396 ente
1986 4335 2080 4402 istam

706 4436 772 4479 non
789 4417 929 4497 potuerit
942 4421 1121 4498 eontentire,
1142 4421 1248 4501 potuit
1269 4431 1374 4482 tomen
1395 4420 1496 4482 secum
1518 4418 1706 4480 sufficienter
1721 4416 1903 4488 deliberaret
1936 4427 1972 4498 ut
1993 4419 2094 4481 mrie'

704 4498 791 4560 hunc
810 4499 839 4558 in
857 4497 1178 4585 cnsunuiiegeuturr
1193 4497 1467 4586 (tintinnire,
1486 4521 1557 4584 quae
1571 4501 1711 4568 statuunt
1720 4541 1731 4575 ,
1754 4499 1912 4584 impeditis
1926 4519 1991 4564 non
2003 4519 2079 4566 cur·

594 4659 602 4670 ,
706 4592 925 4669 teretenpur.

1848 4742 1854 4754 '
1939 4767 1971 4838 5.
1985 4735 2079 4816 Effe·
