4950 5567
505 623 580 700 or,
604 622 760 696 otono
785 555 983 698 aueum
1009 622 1066 696 ut
1091 622 1284 718 crusis,
1309 620 1364 698 m
1383 625 1565 723 oureus
1584 628 1780 711 stratos
1805 637 1869 717 nc.
1903 661 1976 744 74¹
2004 661 2008 667 ·

505 821 609 898 atque
623 796 801 872 efficaciam
818 795 1114 891 indispensabilitcr
1131 796 1366 871 fitneccllaria.
1412 804 1604 876 Minoribus
1620 813 1708 880 enim
1725 814 1852 888 nullam*
1864 816 1978 897 favete

504 900 657 976 caulam,
692 920 795 989 quate
820 896 956 966 illorum
985 896 1109 988 major,
1136 921 1235 988 quam
1262 898 1426 989 majorum
1452 900 1600 972 lrabenda
1625 903 1660 975 stt
1685 914 1791 992 rati03
1824 940 1977 992 naturum

505 998 560 1068 rei
573 996 683 1087 potius
697 995 837 1082 exigere,
855 1014 890 1059 ut
902 1015 1059 1061 numerus
1075 993 1183 1085 major
1199 991 1404 1063 voluntatum
1421 996 1624 1069 voluntatem
1637 1005 1760 1072 unitum
1776 1009 1807 1075 iu
1823 1007 1978 1087 societate

502 1091 596 1162 civili
621 1112 685 1157 tam
711 1085 918 1158 ncccll'ariom
942 1085 1170 1180 repraesentet:
1199 1088 1275 1158 inde
1298 1088 1472 1182 consequi,
1493 1096 1581 1187 quod
1606 1121 1680 1165 cum
1703 1102 1792 1168 unita
1810 1106 1979 1183 voluntate

503 1209 630 1280 eorpus
670 1184 820 1252 oliricum
836 1206 910 1251 curn
927 1186 1018 1251 omni
1035 1186 1157 1253 virtute
1174 1206 1318 1270 regatur,
1336 1211 1414 1279 pars
1426 1190 1533 1280 major
1546 1194 1710 1261 minorem
1724 1195 1796 1288 poll
1809 1195 1840 1267 se
1858 1203 1981 1287 trahat,

507 1209 751 1366 &modulum
775 1303 811 1349 cx
835 1277 1017 1370 majoribus
1040 1279 1236 1348 adornatum
1259 1283 1291 1348 in
1313 1280 1435 1350 eadbus
1457 1287 1845 1384 nonexe'eptiocjuodem
1861 1294 1980 1374 debeat

505 1374 572 1451 effe
587 1376 725 1459 valoris,
748 1399 785 1447 ac
799 1372 822 1445 st
838 1399 899 1471 per
916 1378 1068 1445 unanima
1083 1370 1193 1446 fuisset
1208 1371 1397 1447 confestum
1411 1379 1462 1468 a).

1178 1582 1207 1671 t.
1257 1577 1328 1651 lv.
1407 1623 1410 1628 ,

619 1712 683 1780 Per
703 1706 897 1801 suffragium
919 1729 1046 1790 autem,
1071 1706 1239 1801 subjungit
1262 1709 1402 1801 intelligi
1424 1708 1634 1794 sententiam,
1658 1712 1723 1790 live
1741 1741 1856 1794 rorum
1874 1729 1977 1801 unius
2098 1753 2104 1766 ··

504 1803 645 1901 alicujus
660 1803 778 1886 slatus,
805 1805 935 1900 quid'in
951 1808 1092 1895 negotiis
1106 1805 1204 1876 llatua
1219 1806 1383 1897 agendum
1399 1804 1453 1887 fit,
1480 1807 1513 1877 dt
1529 1831 1566 1879 ex
1586 1810 1639 1880 his
1654 1810 1818 1905 suffragiis
1835 1824 1976 1913 prodire

502 1903 582 1972 dein
604 1896 803 1972 conclusum.
851 1906 979 1971 Votum
1002 1901 1144 1996 proinde
1164 1925 1340 1972 commune
1363 1903 1490 1996 politici
1517 1902 1687 1998 cujusdam
1709 1919 1860 2003 corporis
1886 1920 1972 1991 nihil

501 1998 594 2069 aliud
615 1994 693 2076 effe,
720 2021 819 2093 quam
844 1996 993 2090 ejusdem
1016 1996 1225 2079 conclusum,
1247 1998 1329 2092 quid
1350 2001 1384 2067 in
1404 2002 1545 2090 negotiis
1568 2001 1757 2096 reipublicae
1776 2007 1814 2079 stt
1832 2002 1971 2086 {latum

502 2094 595 2164 dum.
645 2097 774 2164 Votum
798 2097 911 2188 itaque
931 2115 1108 2163 commune
1129 2094 1161 2163 dt
1183 2091 1372 2164 conclusum
1394 2092 1456 2164 effe
1471 2099 1567 2164 unius
1583 2096 1797 2196 ejttsdemque
1814 2110 1971 2194 notionic,

501 2185 568 2262 effe
584 2213 682 2261 unam
696 2213 796 2285 atque
811 2190 947 2261 eandem
966 2211 1037 2257 rem
1052 2185 1308 2258 subnominibus
1326 2212 1451 2258 tantum
1467 2190 1600 2261 dirersis
1614 2195 1663 2285 a).
1713 2199 1845 2288 Pergin
1858 2227 1973 2275 occur.

499 2308 577 2357 rere
592 2309 673 2357 vero
688 2286 837 2376 negotia,
864 2282 1019 2377 casusque
1034 2287 1164 2364 varios,
1192 2286 1226 2353 in
1245 2282 1364 2377 quibus
1380 2307 1496 2353 natura
1511 2310 1623 2356 rerum
1638 2287 1799 2383 pullulet,
1816 2321 1853 2367 ut
1866 2323 1972 2372 mem.

498 2379 561 2466 bre
582 2378 744 2453 societatis
765 2380 889 2461 civilia,
915 2382 948 2449 in
969 2402 1130 2474 quantum
1155 2379 1194 2447 ad
1217 2382 1299 2449 tales
1322 2378 1429 2459 casus,
1455 2376 1599 2451 desinant
1619 2403 1774 2479 tanquam
1793 2416 1895 2463 unum
1912 2397 1974 2469 ali·

499 2478 592 2572 quod
615 2501 736 2572 corpus
755 2472 845 2572 polle
865 2473 1074 2547 considerari.
1122 2475 1209 2545 Tale
1234 2475 1426 2567 exemplum
1446 2480 1531 2571 petit
1549 2502 1567 2548 e
1583 2479 1752 2573 republica
1767 2485 1889 2572 libera,
1910 2490 1969 2565 ubi

498 2572 667 2647 diversitas
682 2574 854 2665 religionis
876 2578 962 2641 inter
977 2569 1076 2641 status
1091 2570 1230 2641 tolerata
1245 2570 1392 2642 invaluit.
1442 2581 1553 2666 Atque
1570 2568 1783 2649 fundamenta
1797 2580 1843 2652 sui
1860 2584 1969 2661 allecti

497 2673 534 2743 in
556 2695 597 2742 eo
618 2666 819 2766 potillimum
845 2667 1003 2749 collocat,
1029 2669 1118 2764 quod
1145 2691 1261 2738 neutra
1285 2669 1488 2762 ceteroquin
1513 2692 1590 2762 pars
1614 2696 1691 2742 vera
1715 2674 1867 2752 libertate
1889 2680 1972 2759 elsec

496 2769 666 2861 gatilona,
689 2763 746 2836 nist
758 2768 812 2854 jus
829 2766 1015 2853 integrum,
1039 2763 1216 2858 mediaque
1231 2762 1361 2858 semper
1378 2787 1569 2929 tppportuna
1590 2765 1811 2843 &necellaria
1829 2774 1972 2854 habetet

497 2863 541 2935 ed
556 2886 691 2941 manus,
718 2860 836 2956 quibus
851 2861 1022 2950 religionis
1041 2857 1104 2931 lun
1125 2857 1374 2931 lanssimoninm
1403 2882 1507 2930 artum
1524 2859 1714 2957 teclamque
1727 2865 1822 2961 polltt
1839 2873 1972 2947 conset.

495 2977 588 3032 vare.
637 2959 716 3029 Tali
736 2981 817 3048 ergo
833 2954 905 3025 casu
923 2956 1110 3036 concludit,
1136 2979 1243 3026 totum
1258 2954 1448 3049 reipublice
1463 2979 1584 3051 corpus
1607 2960 1640 3026 in
1655 2959 1721 3032 duo
1734 2965 1861 3038 diversa
1875 2969 1972 3046 abire

495 3079 660 3152 corpora,
689 3077 761 3148 quae
781 3053 996 3122 nihilominus
1015 3056 1047 3122 in
1062 3055 1154 3123 omni
1175 3054 1242 3122 ulio
1260 3049 1415 3146 rel'peiiu
1434 3054 1526 3123 onita
1545 3076 1719 3142 maneant,
1741 3081 1839 3157 atque
1863 3089 1971 3141 unurn

496 3173 609 3227 totum
622 3149 756 3247 aliquod
769 3173 891 3245 corpus
904 3146 1100 3221 constituant
1117 3151 1166 3239 b).

1168 3338 1204 3423 t.
1252 3338 1304 3446 v.

616 3478 739 3570 Arguit
755 3475 832 3548 inde
856 3498 985 3571 porro,
1009 3472 1188 3565 unicuique
1207 3492 1389 3565 corporum
1410 3465 1551 3541 illorum
1569 3465 1748 3546 divisorum
1763 3478 1800 3547 in
1815 3471 1968 3557 ferendis

490 3572 715 3668 suffragiis&
738 3569 920 3643 formandis
942 3567 1099 3642 conclufis
1120 3569 1228 3647 idem,
1254 3569 1344 3661 quod
1364 3568 1425 3637 toti
1446 3564 1637 3661 reipublice
1657 3576 1816 3666 corpori,
1839 3576 1967 3669 justum

493 3670 705 3748 clledebere.
731 3677 844 3762 Atque
858 3669 953 3749 ideo,
975 3690 1050 3737 curn
1067 3663 1206 3758 quodvis
1219 3687 1341 3758 corpus
1357 3662 1550 3756 politicum,
1582 3688 1619 3735 ut
1633 3668 1663 3737 ei
1680 3671 1728 3739 vis
1747 3673 1864 3761 agendi
1877 3673 1966 3759 insu,

493 3771 556 3843 soa
570 3772 694 3839 unitate
706 3762 852 3836 constare
865 3786 1034 3857 oporteat,
1059 3761 1184 3831 &cum
1202 3755 1378 3830 difficulter
1391 3782 1535 3851 raroque
1552 3758 1733 3832 admodum
1744 3772 1910 3841 unanimia
1926 3774 1966 3843 in

493 3892 542 3941 eo
560 3862 713 3955 suffragia
724 3863 834 3933 locum
851 3860 1001 3931 obtinere
1017 3857 1159 3935 loleant,
1182 3880 1202 3926 a
1219 3854 1276 3925 tali
1292 3852 1440 3948 separato
1455 3879 1597 3949 corpore
1614 3860 1647 3926 in
1662 3858 1873 3960 conficiendis
1885 3890 1971 3939 con.

492 3959 593 4035 clulis
606 3961 767 4038 cundem,
789 3982 890 4052 quem
907 3978 1013 4026 totum
1031 3977 1153 4046 corpus
1174 3974 1281 4032 tenet,
1306 3950 1442 4021 modurn
1462 3948 1668 4046 servandum
1682 3952 1763 4036 else,
1788 3960 1968 4058 eidemque

493 4062 584 4133 hanc
599 4056 746 4148 regulam
764 4055 927 4143 majorum
950 4075 1041 4145 aeque
1057 4050 1166 4120 volere
1187 4046 1327 4126 debete3
1350 4051 1578 4140 exceptionem
1595 4073 1704 4120 autem
1724 4051 1764 4121 ab
1780 4079 1817 4126 ea
1836 4058 1966 4148 exlege

494 4151 753 4234 ostendendam
776 4176 812 4223 ac
831 4147 972 4247 proinde
992 4144 1141 4222 conclusa
1161 4170 1179 4217 a
1199 4142 1357 4312 sepppapo²
1370 4141 1537 4333 :jtpmodi
1558 4170 1701 4242 corpote
1722 4173 1760 4223 ex
1779 4150 1966 4320 majori‘lp:

536 4391 576 4469 ι)
598 4388 630 4470 §-
647 4405 681 4470 o

537 4510 578 4590 a)
603 4506 711 4586 §.100

533 4622 573 4698 δ)
594 4622 693 4700 §.11o
