4950 5567
617 621 698 706 un·
714 623 941 706 annuitis
962 625 1235 729 Quonnait
1258 573 1634 716 orriononiiris
1656 637 1724 719 ac.
1807 691 1814 700 .
1838 673 1921 754 ²53¹

474 803 554 892 iser,
581 828 738 907 tunquam
750 810 903 976 proprio
919 809 1030 904 potius
1052 803 1172 922 scopo,
1195 831 1298 924 quam
1317 805 1588 928 'adversariorum
1612 807 1788 894 intentioni
1806 825 1921 917 profi·-

475 933 499 982 ι.
546 912 642 978 Nam
659 930 735 979 cum
774 902 900 977 issinstd
914 903 954 975 ab
964 903 1247 980 exercitiohaberi
1262 906 1381 991 velint,
1409 909 1600 985 &distinsie
1614 918 1714 988 etiam
1731 942 1768 989 ac
1783 917 1912 1000 diserte
2006 921 2010 934 '

481 1003 699 1078 Traiiatibua
724 1005 816 1075 Pacis
834 1030 851 1072 a
871 1001 1129 1074 Protestantibua
1151 1006 1274 1100 petita,
1300 1005 1334 1077 dr
1359 1010 1523 1079 tamenin
1545 1010 1699 1106 Projetio
1723 1019 1909 1092 Titiit'ir.
1998 1051 2004 1060 ·

474 1116 854 1180 tnsnoitrriiirm,
874 1124 892 1169 a
908 1096 1281 1180 diflia'Protestantibuo
1297 1124 1431 1175 catenus
1446 1128 1513 1175 non
1528 1107 1698 1192 corredio,
1721 1137 1782 1186 nce
1798 1111 1903 1191 v’erbo
1934 1109 1937 1114 ’
2023 1167 2026 1172 .

474 1220 625 1281 morata,
648 1193 721 1267 imo
739 1199 872 1291 potius,
896 1199 931 1266 iti
947 1200 1030 1268 Pace
1045 1204 1099 1267 W.
1115 1195 1268 1291 Projeiio
1282 1223 1357 1269 mox
1374 1224 1561 1275 memorato
1586 1228 1744 1302 tanquam
1765 1210 1830 1284 basi
1851 1211 1906 1286 su.
1980 1235 1987 1240 ·
2121 1273 2125 1282 ,

474 1289 625 1375 abrai,
651 1292 831 1389 nequidem
845 1291 1058 1365 transasiioni
1076 1292 1195 1365 diserte
1209 1318 1246 1366 ac
1259 1297 1455 1369 nominatim
1473 1294 1617 1392 subjesia
1632 1301 1776 1393 suetiut3
1792 1310 1901 1384 inulto

474 1414 533 1464 em
546 1391 769 1462 cohaerentiua
784 1389 924 1486 postica
935 1393 1117 1463 eorundem
1135 1392 1309 1483 denegatio
1324 1415 1438 1464 contra
1457 1392 1603 1468 subditos
1622 1401 1711 1472 nuila
1727 1428 1786 1476 nec
1804 1407 1901 1481 litera
1962 1463 1966 1468 -

474 1489 630 1559 tratione
651 1486 734 1577 legis
756 1491 929 1568 munitos,
956 1511 1056 1583 quini
1079 1485 1192 1559 coasta
1208 1486 1437 1571 conservatio,
1462 1515 1520 1562 aut
1540 1494 1714 1571 necessaria
1736 1487 1901 1577 restitutio

474 1581 573 1660 rersus
594 1586 786 1671 Dominus,
817 1584 965 1680 generali
988 1584 1105 1679 regula
1127 1588 1221 1658 nixos
1248 1607 1348 1683 atque
1370 1608 1477 1674 tutor,
1505 1591 1584 1671 iude
1603 1596 1829 1673 concludenda
1846 1624 1901 1677 ve·

1062 1907 1072 1927 .
1122 1853 1303 1930 xxvii.

528 1984 706 2059 Frivoium
730 1979 867 2080 prorsus
891 1858 1095 2079 dignoscidur
1115 1987 1248 2060 admissa
1271 1985 1370 2061 semel
1390 1990 1528 2080 §rorum
1543 2009 1663 2063 xxvii.
1683 1941 1832 2067 detriti.
1853 1993 1897 2071 ad

475 2086 604 2198 irritem
623 2083 832 2179 oppositione
855 2107 893 2197 ex
913 2082 984 2197 solo
1003 2081 1174 2179 positionis
1196 2087 1315 2199 ordine
1333 2087 1583 2202 derogationem
1606 2093 1736 2201 prioris
1752 2117 1813 2186 per
1834 2118 1896 2207 po.

474 2205 589 2350 {23:2¹¹
596 2177 1894 2379 issistiis:⁶¹3¹:12¹,{3552·,tsisini&irrisisti{tiis}

474 2375 578 2464 tusam
610 2374 643 2445 di
672 2379 900 2471 exceptionem
929 2377 964 2444 in
992 2375 1108 2446 eadem
1135 2372 1222 2469 saepe
1250 2374 1324 2465 lege
1347 2379 1510 2446 contineri
1539 2378 1637 2448 houd·
1659 2379 1797 2454 dubium
1830 2383 1889 2457 est.

474 2495 518 2542 nit
535 2475 618 2561 §vus
641 2493 726 2542 xxx.
746 2476 809 2567 Jua
832 2467 1040 2542 reformandi
1061 2469 1206 2542 Statibua
1229 2493 1269 2540 eit
1292 2473 1462 2541 communi
1482 2494 1545 2565 per
1568 2495 1677 2543 totuin
1705 2481 1890 2571 imperium

474 2565 572 2640 senua
597 2565 711 2639 usitata
728 2568 821 2663 ptari
841 2564 993 2638 assertum
1012 2564 1213 2640 confirmans
1235 2588 1391 2661 tanquam
1416 2567 1532 2656 regula
1552 2572 1708 2661 ponitur,
1733 2577 1785 2642 cui
1805 2582 1890 2663 §viis

474 2665 515 2736 i'i.
540 2668 772 2758 exceptionem
791 2663 1070 2778 &limitationem
1086 2665 1196 2776 quoad
1211 2659 1435 2775 expulsionem
1448 2659 1657 2733 subditorum
1672 2669 1749 2735 anni
1761 2672 1888 2746 Norm.

474 2756 1888 2953 [s‘tff'isssiitszi‘stitsissiiiff'¹s2,i3¹i‘’tiz'‘:fift‘ttt‘i‘iiiff‘imis}

474 2956 652 3028 roedentem
676 2954 791 3026 eadem
818 2957 970 3047 exceptio
991 2953 1033 3026 ad
1055 2960 1240 3027 anteriores
1265 2977 1333 3025 non
1358 2955 1548 3045 pertineat,
1583 2951 1662 3024 inde
1686 2952 1883 3045 conficitur,

474 3049 560 3122 dibi
578 3076 702 3124 novum
719 3050 822 3123 modo
843 3048 1011 3144 objedium
1028 3047 1162 3120 trasiari
1184 3052 1339 3145 incipiat,
1364 3045 1571 3119 subditorum
1594 3049 1749 3124 videlicet
1770 3055 1883 3147 quoad

475 3149 621 3246 igionem
635 3147 812 3230 securitas,
834 3172 912 3221 cum
927 3170 1022 3222 antea
1036 3146 1078 3220 de
1093 3149 1246 3220 Stituum
1263 3144 1402 3241 Juribua
1426 3142 1537 3217 adium
1556 3141 1677 3221 suisset.
1710 3152 1812 3220 ·Cum
1828 3175 1884 3224 au·

1236 3247 1328 3336 li3
1414 3335 1419 3346 Ι
1813 3270 1883 3322 reni

577 3409 765 3476 Audenam
783 3412 897 3478 Celeb.'
907 3412 939 3477 in
955 3408 1093 3494 Tubing.
1108 3406 1253 3476 Univers.
1269 3405 1351 3480 Juria
1365 3405 1452 3470 Publ.
1470 3404 1598 3473 Proseis.
1616 3406 1880 3481 denonantur.

517 3489 739 3558 Hui-riarium
758 3494 933 3559 comment
958 3495 1041 3567 Jutia
1054 3494 1140 3558 Publ.
1159 3489 1278 3555 Eccles.
1294 3491 1333 3553 de
1351 3489 1402 3554 die
1417 3491 1593 3555 decretorio
1611 3490 1708 3554 Anno
1725 3493 1877 3562 MDCCL.

516 3574 601 3639 edita
616 3576 642 3657 s.
660 3576 791 3643 XLVII.
808 3597 878 3659 pag.
898 3595 967 3658 139.
980 3579 1014 3639 in
1029 3577 1153 3639 virbii:
1466 3597 1471 3604 ·

574 3693 716 3776 „Negoti
726 3696 808 3757 enirn
819 3694 902 3755 haud
913 3692 1016 3775 potest
1030 3691 1273 3774 paciscentibus,
1287 3690 1320 3754 in
1333 3698 1407 3754 toto
1419 3687 1566 3753 Articulo
1578 3686 1619 3756 V.
1630 3688 1724 3771 usque
1735 3690 1774 3753 ad
1783 3699 1877 3774 §vum

515 3795 650 3848 „xxxn
665 3775 786 3837 nonnisi
799 3777 839 3837 de
852 3775 1041 3839 immediatis
1053 3818 1062 3848 ,
1083 3773 1217 3855 ipsisque
1231 3774 1311 3835 adeo
1324 3771 1464 3836 Statibua
1480 3770 1514 3834 dt
1533 3770 1702 3833 Ordinibus
1718 3778 1805 3854 tegni
1819 3797 1878 3840 eo·

514 3875 673 3938 „rumque
690 3858 889 3920 restitutione
907 3856 1080 3918 sermonem
1103 3851 1181 3927 effe,
1203 3855 1342 3935 illosque
1356 3855 1420 3916 hoe
1433 3854 1644 3932 denuntio
1659 3855 1698 3915 de
1711 3857 1878 3921 restituen-

515 3939 588 4014 „dia
601 3958 729 4020 quoque
740 3941 883 4000 mediatis
896 3938 929 3998 dc
943 3938 1088 4009 subditis,
1109 3954 1245 4016 quorum
1258 3937 1405 4017 proxime
1418 3934 1596 4016 praecedens
1609 3935 1694 4015 §vna
1708 3955 1797 4000 xxx.
1812 3960 1879 4005 mo-

514 4021 688 4094 „ininetat,
713 4039 807 4102 agere
826 4018 966 4099 caepisse,
988 4021 1106 4099 inquo
1125 4017 1271 4082 Statuitur
1295 4013 1535 4078 Catholicotuin
1556 4015 1734 4089 Landsaiiii,
1761 4019 1878 4087 Vasalli

513 4098 573 4177 „dr
585 4100 697 4164 subditi
712 4103 750 4166 A.
766 4100 799 4163 C.
817 4100 930 4163 addicii
948 4102 1080 4182 primurn
1095 4098 1159 4163 sere
1174 4099 1395 4166 nominantur,
1417 4107 1511 4177 atque
1526 4097 1564 4157 ab
1577 4098 1647 4179 ipiia
1662 4098 1802 4164 Statibus
1816 4105 1877 4166 im·

513 4185 685 4257 „mediatis
700 4184 746 4244 bis
759 4183 792 4244 di
806 4181 939 4244 sollicita
950 4182 1189 4262 distinguuntur.
1231 4179 1307 4243 Nou
1323 4175 1422 4241 solum
1434 4187 1539 4239 autem
1553 4178 1592 4240 de
1605 4176 1801 4244 restitutione
1812 4183 1874 4246 Ra·

511 4264 670 4348 „ligionis
689 4264 893 4344 Evangelicae
911 4281 1095 4344 quacunque
1111 4263 1185 4326 dicti
1204 4263 1277 4323 anni
1297 4270 1385 4342 parte
1403 4257 1469 4320 five
1490 4260 1616 4339 publice
1635 4259 1701 4322 sive
1723 4264 1871 4339 privatim

511 4347 811 4421 „exertitaeibidem
826 4350 945 4425 agitur,
967 4364 1077 4408 veturii
1089 4343 1209 4406 insimul
1220 4361 1349 4423 quoque
1359 4340 1515 4402 restitutio
1525 4338 1718 4419 possessionis
1729 4346 1871 4408 ninnium

512 4426 625 4501 „dicio
639 4441 782 4508 tempore
794 4429 824 4489 in
840 4426 993 4504 potestate
1009 4428 1048 4491 Α.
1065 4425 1099 4488 C.
1112 4425 1306 4488 addiiinrum
1319 4421 1634 4486 constitutorumtem
1658 4422 1780 4496 lorum,
1802 4425 1875 4488 sun-

510 4507 719 4584 „dationum,
748 4504 1027 4580 Monasteriorutn,
1056 4504 1287 4587 Hospitaiinm,
1308 4504 1427 4575 verbo,
1454 4502 1617 4566 Bonorum
1637 4442 1873 4567 {eclesiastico-

511 4607 604 4663 „ruin
623 4590 832 4659 mediatorum
846 4608 917 4655 cum
933 4591 1079 4663 omnibus
1100 4587 1316 4673 pertiuentiis,
1344 4586 1494 4670 reditibus
1513 4584 1787 4653 &accessionibus
1812 4588 1870 4651 de·

510 4671 683 4751 ’sternitur'
1904 4696 1910 4706 '
