4950 5567
473 624 543 702 DE
570 620 638 699 EO
665 618 816 721 QUOD
841 616 1046 716 JUSTUM
1071 617 1166 696 EST
1184 616 1335 696 ClRCA
1358 617 1717 706 REPRESSALlAS
1735 631 1801 710 stc.
1835 651 1904 740 735

418 801 533 878 forsan
553 802 718 899 peccavit:
743 799 915 891 religionis
935 801 1252 872 communicantem
1274 802 1360 870 inter
1375 799 1566 874 Catholiros
1584 829 1739 904 tanquam
1754 814 1905 890 membra

381 949 384 954 -
420 899 573 974 Ecclesiae
590 903 747 968 Romanae
768 921 805 967 er
828 897 1000 986 religionis
1025 902 1200 994 principiis
1226 898 1354 970 nullum
1372 897 1460 967 aliud
1478 899 1577 971 habet
1592 902 1776 997 objessum,
1828 939 1906 986 uam

417 996 611 1094 spirituale,
638 995 727 1089 quod
752 991 876 1064 scilicet
899 993 935 1062 stt
956 997 1148 1066 communio
1170 995 1350 1065 interillos
1370 996 1479 1090 quoad
1498 1003 1786 1096 participationem
1804 937 1906 1080 farra.

417 1115 632 1173 mentorum,
657 1092 821 1160 bonorum
835 1111 978 1184 opernm
997 1089 1079 1170 dan,
1106 1115 1171 1162 non
1190 1115 1300 1164 autent
1317 1113 1493 1186 operatur,
1515 1117 1552 1163 ur
1568 1121 1652 1167 unus
1669 1104 1847 1196 participer
1862 1105 1906 1180 de

417 1189 514 1264 farlo
529 1190 664 1260 alterius
678 1209 794 1258 contra
813 1181 901 1278 le'ges
917 1183 1026 1257 forsan
1047 1184 1155 1277 geilo,
1178 1211 1314 1260 eatenus
1331 1189 1419 1258 enim
1438 1188 1527 1258 nulla
1545 1192 1632 1262 inter
1648 1196 1836 1270 Catholicae
1851 1185 1904 1274 fe·

419 1289 558 1381 ligionis
579 1286 703 1355 intuitu
728 1280 773 1354 ell
794 1282 1004 1354 communio:
1031 1308 1069 1354 ex
1090 1285 1208 1356 eodem
1223 1282 1440 1356 fundamento
1457 1310 1516 1356 nec
1533 1287 1708 1361 universim
1727 1293 1827 1366 Clero
1842 1301 1903 1369 Ca·

417 1386 549 1458 tholico
569 1383 736 1475 imputari
751 1376 874 1476 potest,
898 1377 920 1448 li
942 1377 1083 1472 sngulus
1098 1381 1249 1452 Clericus
1265 1405 1302 1451 ex
1325 1377 1492 1476 supposito
1510 1393 1675 1476 peccavit3
1702 1414 1766 1486 qua
1781 1391 1903 1482 iufliris

358 1535 368 1548 -
415 1485 510 1554 enim
528 1500 699 1576 peccatum
717 1475 833 1568 singuli
847 1479 1005 1572 imputari
1021 1474 1128 1572 potest
1144 1476 1298 1550 universo
1314 1479 1524 1548 Clericorum
1539 1481 1674 1554 ordini?
1697 1474 1783 1572 quid
1794 1489 1834 1559 ad
1849 1514 1901 1564 re.

358 1567 362 1642 Ῐ
417 1579 533 1674 liquos
557 1572 735 1672 Apostolos
757 1595 932 1670 peccatum
952 1573 1072 1668 Judae?
1104 1569 1225 1644 frustra
1250 1577 1350 1648 etiam
1373 1575 1580 1668 imputantur
1601 1579 1777 1654 universam
1800 1571 1902 1661 Cler'n

358 1665 370 1742 ζ
416 1679 575 1748 Romano
590 1673 756 1767 principia
771 1670 810 1739 ad
827 1671 1081 1764 extirpationem
1095 1668 1350 1742 Protellantium
1364 1672 1550 1755 tendentia3
1577 1699 1636 1746 nec
1652 1679 1752 1748 etiam
1771 1681 1825 1754 hie
1842 1708 1901 1778 po·

417 1767 484 1846 rest
494 1770 571 1842 duci
583 1790 816 1860 argumentum
830 1792 848 1837 a
861 1767 1055 1864 particulari
1068 1766 1109 1837 ad
1124 1767 1325 1840 universale:
1343 1770 1602 1839 transmittamus
1617 1774 1706 1866 quod
1718 1769 1828 1848 forsan
1842 1777 1902 1852 lin.

421 1868 524 1962 gulus
569 1864 681 1938 uidam
696 1864 779 1936 Zelo
800 1861 977 1936 indiscreto
999 1861 1157 1959 abreptus
1180 1861 1366 1946 excesserit,
1389 1889 1426 1935 ac
1441 1863 1662 1961 suppeditarir
1676 1867 1734 1942 suo
1750 1876 1900 1974 Principi

418 1967 458 2040 in
479 1891 582 2038 ΜΡΝ
607 1962 779 2054 religionis
801 1957 951 2038 confilias
976 1983 1051 2056 quae
1063 1957 1157 2056 justis
1173 1960 1421 2052 gravaminibus
1437 1961 1689 2036 Proteslanrium
1705 1968 1827 2042 dedere
1841 1997 1902 2044 an.

357 2119 394 2136 ..
419 2059 510 2142 sam,
526 2060 637 2156 qualia
653 2058 803 2154 exempla
817 2081 877 2127 nec
892 2054 1007 2127 desunt
1020 2079 1121 2148 penes
1136 2056 1390 2130 Proreslanrium
1408 2057 1596 2140 Minislros,
1616 2087 1680 2132 non
1698 2086 1806 2137 tamen
1824 2069 1902 2144 ideo
1989 2081 1993 2090 '

357 2155 389 2228 ’.
419 2173 538 2232 omnes
562 2156 711 2227 Clericus
732 2153 923 2226 Catholicos
945 2151 1035 2222 idem
1055 2156 1213 2223 animavit
1233 2153 1386 2246 spiritus,
1412 2179 1472 2226 nec
1498 2155 1618 2226 habent
1640 2183 1769 2255 partem
1793 2163 1899 2252 illius,

357 2249 367 2256 ’
387 2337 396 2342 ,
420 2254 515 2350 quod
531 2251 674 2344 singulus
689 2249 755 2321 stne
769 2245 977 2321 confratrum
995 2246 1126 2318 scientia
1144 2247 1345 2320 &consensu
1361 2253 1525 2345 peceavir;
1546 2279 1606 2324 nec
1622 2259 1782 2350 imputata
1797 2259 1900 2334 clero

357 2413 391 2424 -
420 2353 577 2422 Rotnano
593 2373 633 2420 er
645 2346 742 2440 geslis
758 2370 832 2419 ante
846 2345 879 2416 dt
894 2343 967 2440 poll
981 2369 1096 2439 pacem
1111 2343 1297 2437 religiosam
1314 2345 1499 2418 &durante
1516 2345 1604 2419 bello
1621 2353 1790 2424 tricennali
1803 2355 1898 2449 justi.

357 2443 383 2534 ζ,
421 2445 516 2522 ficari
538 2441 686 2542 possunt:
712 2443 847 2539 spiritus
870 2443 960 2513 enim
983 2441 1220 2537 persecutionis
1244 2441 1360 2536 injuste
1381 2443 1567 2539 imputatur
1589 2445 1672 2527 illis,
1700 2453 1758 2543 qui
1784 2449 1899 2528 saltem

357 2543 398 2626 ζ.
420 2543 480 2620 sua
495 2566 610 2616 contra
627 2537 829 2634 aggressores
844 2536 1024 2611 defendere
1039 2539 1260 2623 conabantut;
1289 2539 1458 2613 certabant
1477 2539 1542 2611 illis
1561 2548 1768 2638 temporibus
1785 2551 1899 2644 Prote.

357 2637 377 2648 “
420 2639 542 2716 flantes
563 2639 604 2710 de
620 2639 715 2709 lucro
730 2638 909 2732 captando,
933 2635 1097 2706 Catholici
1116 2636 1156 2707 de
1170 2637 1292 2707 damno
1306 2635 1461 2721 virsttdo;
1487 2637 1594 2710 ablata
1614 2664 1706 2712 erant
1722 2641 1823 2716 Clero
1836 2651 1898 2718 Ca.

357 2707 391 2812 ξ
421 2737 550 2812 tholico
564 2736 667 2806 multa
682 2734 766 2805 bona
781 2729 997 2804 Ecclcstallica
1013 2733 1053 2802 ab
1065 2737 1195 2826 origine
1210 2733 1475 2806 introduflarum
1492 2759 1652 2810 novarum
1666 2739 1698 2808 in
1715 2742 1898 2817 Germmi.

357 2833 387 2926 ζ
423 2833 718 2926 religionumhaec
734 2830 944 2925 spoliaetiam
962 2831 994 2897 vi
1008 2833 1098 2924 pacis
1113 2828 1285 2923 Religiosae
1301 2829 1557 2903 Protellantibus
1574 2829 1647 2905 sunt
1664 2831 1795 2921 relisla;
1821 2864 1900 2936 pro.

365 2931 384 2938 “
421 2929 585 3006 miserunt
600 2953 710 2999 aurem
727 2929 780 3006 lai,
804 2950 905 3023 prout
919 2921 985 3019 ipsa
1002 2949 1118 2997 natura
1131 2933 1221 3024 pacis
1233 2927 1302 3022 jam
1318 2925 1478 3007 alleabar,
1504 2930 1593 3022 quod
1614 2931 1832 3024 imposterum
1853 2937 1899 3010 se.

356 3097 376 3106 ,
421 3015 537 3128 postris
554 3025 707 3096 omnibus
722 3024 887 3094 violentiis
903 3022 957 3093 fua
973 3021 1057 3092 bona
1075 3047 1151 3094 cum
1166 3022 1334 3096 beneficiis
1351 3022 1577 3096 Eccleftallicis
1595 3031 1777 3101 Catholicis
1795 3034 1898 3108 velint

356 3129 395 3208 ,’,.
422 3125 615 3218 relinquere
632 3118 768 3200 intefla,
795 3145 911 3190 verutn
928 3143 1042 3190 contra
1059 3117 1157 3191 fidem
1174 3120 1284 3190 datam
1299 3147 1374 3191 mox
1391 3123 1431 3193 de
1449 3146 1536 3192 noto
1550 3123 1740 3198 involarunt
1762 3131 1794 3197 in
1811 3129 1897 3206 bona

356 3217 392 3298 Ϊ
421 3219 657 3294 Ecclesiastico,
684 3219 714 3286 g,
744 3214 854 3310 paffim
875 3242 974 3288 notas
997 3215 1067 3286 sitas
1083 3220 1262 3309 religiones
1278 3222 1439 3314 extirpata
1457 3219 1645 3312 Catholica,
1671 3223 1810 3318 expulsis
1826 3229 1900 3301 cle.

356 3303 388 3398 ἶ
422 3321 502 3392 ricis
516 3317 695 3388 ,hlottachis
713 3313 744 3384 ἃ
764 3313 967 3384 Monialibus
984 3315 1127 3385 violente
1143 3315 1415 3395 introduxerunt,
1437 3337 1540 3411 prout
1554 3339 1592 3385 ex
1610 3317 1768 3390 Historiis
1790 3317 1830 3393 lic
1850 3327 1899 3396 di.

356 3483 362 3492 .
423 3413 555 3488 ilerum
569 3409 844 3484 reformationunt
859 3408 905 3480 est
921 3406 1149 3495 manifestum3
1173 3409 1195 3480 fi
1210 3413 1331 3482 Clerici
1346 3412 1509 3482 Catholici
1525 3409 1555 3482 fe
1570 3412 1794 3510 opposuerant
1809 3419 1900 3494 hisce

356 3507 377 3586 ⁵.
421 3512 612 3590 violentiis,
645 3505 836 3602 &spoliata
861 3506 1117 3600 recuperabant,
1143 3530 1221 3578 tunc
1247 3505 1390 3600 pressum
1416 3531 1486 3579 erat
1508 3511 1744 3600 Evangelium,
1776 3515 1897 3610 religio

356 3589 380 3614 ⁵
417 3605 676 3684 Protestanrium
694 3602 843 3675 suslinuit
857 3601 1118 3699 persecutiones,
1142 3605 1307 3676 Catholici
1322 3607 1444 3677 Clerici
1460 3601 1609 3677 sitiebant
1625 3604 1814 3700 sanguinem
1827 3638 1899 3698 με.

356 3767 365 3778 .
417 3729 501 3782 tunt
525 3707 579 3776 cui
602 3703 721 3796 majori
743 3702 816 3792 jure
835 3699 968 3795 spiritus
993 3699 1232 3792 persecutionis
1248 3705 1405 3799 imputari
1426 3704 1553 3798 potuit,
1578 3727 1618 3773 an
1634 3703 1831 3796 aggressori,
1857 3735 1901 3784 an

355 3785 367 3804 h
415 3801 516 3884 illis,
549 3803 608 3896 qui
628 3823 742 3871 contra
769 3799 940 3867 violentias
973 3794 1006 3867 dt
1037 3802 1170 3893 rapinas
1195 3795 1268 3868 suas
1288 3795 1443 3896 personas
1468 3799 1502 3870 bt
1524 3795 1730 3893 possesiones
1747 3803 1899 3880 Ecclesiae

355 3977 361 3984 ,
414 3897 584 3974 Romane
604 3899 707 3966 avitas
729 3893 930 3973 tuebantur,
956 3897 1012 3988 qui
1037 3919 1103 3966 non
1122 3891 1308 3967 inferebant
1329 3897 1483 3992 injurias,
1507 3893 1561 3968 sed
1577 3895 1609 3969 se
1622 3921 1740 3972 contra
1760 3904 1900 3999 injurias

402 3993 531 4072 illatas
546 3987 791 4066 defendebant?
815 3992 959 4086 denique
975 4013 1051 4062 cum
1066 3987 1246 4084 objetlinni

543 4163 654 4254 leae
667 4157 734 4253 jam
745 4153 851 4227 fucrit
867 4162 991 4252 pratie
1005 4154 1206 4230 satisfaslum
1221 4183 1283 4253 per
1295 4179 1528 4250 argumentum
1542 4165 1665 4238 thum
1680 4165 1774 4262 §phu
1784 4169 1903 4266 priore
1962 4231 1964 4236 .

409 4255 609 4342 addublutn
617 4310 629 4344 ,
651 4254 693 4330 sic
707 4252 928 4328 frustraneum
943 4251 1033 4330 foret
1047 4257 1098 4330 illi
1110 4257 1243 4351 lougius
1258 4255 1434 4330 inhaerete.
