4950 5567
507 571 581 678 ba
603 596 672 676 uo
697 594 860 699 Quoo·
872 591 1077 695 morunt
1104 596 1199 688 aar
1221 595 1372 677 duct
1397 599 1755 686 usrnmsnuns
1772 609 1837 689 oc.
1859 637 1934 716 70,

465 775 690 852 sbtinueruntt
738 778 818 849 uaeri
832 777 967 850 demum
985 801 1116 874 poterat
1131 776 1171 849 ab
1187 776 1276 851 hisce
1292 779 1520 877 temporibus,
1543 809 1623 856 num
1644 783 1685 858 sb
1701 787 1876 865 universali
1898 795 1936 873 dr

465 874 611 972 irprema
632 803 793 971 potebate
805 876 1005 970 judiciaria,
1028 902 1102 970 quce
1118 880 1319 970 imperatori
1338 898 1494 973 tanquam
1508 878 1665 976 supremo
1679 886 1792 980 Judici
1807 889 1934 965 &Exe-

465 976 564 1046 :utori
580 970 735 1043 omnibus
751 974 784 1043 io
800 969 900 1044 taulis
915 970 1101 1044 iodillinc‘ie
1115 976 1145 1044 vi
1163 971 1275 1064 legum
1299 978 1439 1140 Ιηιὶετὶὶ
1453 974 1612 1049 habienua
1624 982 1851 1075 competebat,
1881 1012 1936 1060 ex.

465 1093 549 1144 tmtae
566 1067 626 1140 fior
641 1094 734 1141 noste
750 1066 980 1142 controverfiae
995 1070 1167 1160 religionis
1181 1065 1351 1141 causaest
1378 1071 1481 1145 olicos
1491 1076 1580 1145 inter
1588 1099 1625 1147 ac
1632 1076 1851 1153 Protellantes
1859 1107 1936 1158 eoa·

465 1171 519 1238 ¹2?
544 1192 584 1236 ao
604 1168 637 1236 io
653 1160 756 1238 caulis
768 1166 940 1256 religionis
955 1163 1068 1261 spreto
1084 1169 1302 1261 Imperatoris
1317 1166 1467 1260 judiciali
1480 1165 1603 1258 officio,
1620 1173 1710 1268 quod
1726 1199 1850 1270 praeter
1863 1205 1940 1256 cau·

464 1261 492 1336 ir
513 1264 756 1356 cognitionem,
782 1263 853 1357 ejus
868 1259 1065 1333 decisionem
1082 1287 1120 1332 ac
1135 1287 1199 1358 pro
1215 1284 1253 1332 re
1271 1287 1348 1334 nata
1369 1271 1597 1338 executionem
1614 1272 1935 1369 comprehendebat,

464 1386 519 1433 roo
536 1357 706 1457 expellam
724 1363 915 1450 cognitione
937 1357 1146 1430 &decisione
1162 1360 1335 1455 lmperiali
1352 1359 1569 1436 Psotestaotes
1588 1387 1743 1462 tanquam
1768 1394 1880 1465 partes
1896 1375 1945 1445 li-

464 1461 614 1551 igantes,
641 1451 736 1528 limul
755 1480 863 1527 tamen
877 1454 1005 1549 judices
1024 1458 1058 1525 in
1084 1480 1149 1551 pro
1175 1458 1226 1525 ria
1249 1453 1344 1526 causa
1367 1482 1485 1548 agere,
1511 1485 1548 1531 ac
1571 1484 1686 1534 contra
1711 1465 1936 1544 adversarium

464 1579 529 1628 nox
549 1552 589 1624 sb
604 1553 796 1666 executione
819 1553 1009 1623 adhibendo
1030 1479 1249 1719 Riprelialias
1269 1547 1518 1668 facerepolsmt
1531 1560 1688 1670 initium?
1719 1586 1799 1633 uum
1812 1563 1869 1660 jus
1883 1592 1938 1639 an·

464 1648 1936 1846 illl,llllllslllslllilllll„llllllt‘lltill'illllflrlt:

464 1841 604 1920 urlionis
625 1843 712 1941 juris
737 1845 846 1941 iniqui
868 1845 903 1913 io
928 1842 1029 1916 eaufis
1062 1841 1235 1935 religionis
1266 1841 1343 1938 jure
1375 1843 1465 1943 quast
1498 1844 1695 1954 postliminii
1727 1854 1935 1940 reintroduci

464 1939 579 2041 poffitl

567 2078 699 2146 Verum
727 2068 827 2145 dubia
854 2072 923 2144 haec
947 2075 981 2143 io
1004 2069 1349 2168 mediumprojessa,
1372 2043 1497 2145 sublata
1513 2099 1590 2147 moa
1607 2100 1829 2162 evanuerunt,
1854 2082 1936 2156 dum

463 2195 517 2247 ter
538 2167 625 2266 ipsas
654 2194 750 2267 paces
785 2170 831 2281 dr·
852 2170 941 2260 leges
960 2168 1052 2333 'posti
1064 2185 1181 2334 leirpopp¹
1201 2169 1833 2344 ἓῗὲξὲῖἓὶεἒτίιίςᾞιᾶἱέοηάιὶἓεαιτίἰαπ
1853 2205 1936 2294 ‚cum

463 2264 611 2532 :bilbgisbl
631 2264 1169 2470 rbipbbeiitinllbbidrlibivibligionis
1184 2290 1494 2435 Ibontrouerlfiarum
1520 2319 1582 2460 per,
1599 2295 1747 2438 abcidens
1762 2298 1935 2445 clodii:

463 2487 519 2578 pm
561 2460 681 2531 undata
705 2482 796 2539 erat,
822 2460 930 2529 adhuc
956 2456 1296 2571 exc-lupecabundaoti
1319 2457 1474 2556 expressis
1500 2458 1722 2532 smilionibus
1750 2461 1815 2537 fuit
1840 2465 1936 2539 stobi·

463 2581 600 2730 llil
614 2554 1025 2746 sllillllrl‘lf‘l
1038 2555 1275 2744 ‘iiiiiiiii'
1297 2561 1938 2746 liisqllglllss‘llliti‘i‘,“ili:

463 2775 519 2849 pue
545 2753 632 2821 inter
658 2752 820 2842 religione
848 2745 1034 2822 diffidentes
1059 2751 1112 2818 via
1132 2749 1217 2840 jutis
1241 2747 1454 2830 confirmata,
1487 2748 1628 2820 inhibita
1652 2775 1761 2822 autem
1785 2756 1873 2827 inter
1898 2757 1936 2828 il·

463 2875 503 2923 us
530 2843 596 2919 fuit
623 2850 732 2918 omnis
758 2859 811 2917 vic
836 2840 935 2926 frui,
974 2840 1214 2936 consequenter·
1249 2869 1283 2918 et
1314 2850 1438 2942 quaevis
1468 2843 1747 2942 Reprelsrliarum
1780 2848 1904 2947 species
1923 2878 1963 2939 ;.

463 2947 673 3020 nultomious
700 2947 802 3035 igitur
825 2939 1043 3013 Protellaotes
1069 2944 1102 3009 io
1125 2940 1227 3012 causis
1255 2943 1427 3032 religionis
1450 2944 1579 3037 judices
1610 2947 1642 3012 io
1676 2951 1816 3041 propria
1839 2948 1934 3023 causa
1972 3003 1974 3008 ,

464 3071 496 3118 c.
514 3065 707 3113 executores
733 3039 898 3110 annullata
929 3040 1148 3135 lmperatoris
1174 3039 1377 3110 authoritate
1401 3038 1567 3110 constituti
1594 3037 1749 3114 fuerunt:
1792 3044 1932 3119 manile·

462 3142 497 3213 le
524 3141 594 3210 haec
617 3136 648 3208 sc
675 3136 840 3235 produnt,
882 3134 904 3204 fi
930 3160 1026 3230 paces
1053 3133 1086 3205 dc
1112 3133 1203 3225 leges
1236 3159 1254 3202 a
1280 3160 1434 3227 tempore
1457 3134 1661 3208 diversarum
1686 3140 1718 3207 io
1749 3144 1932 3215 Germanic

463 3239 656 3327 eligiooum
682 3235 829 3302 conditas
855 3231 1034 3318 secundum
1054 3231 1207 3303 ordinem
1231 3229 1452 3303 transeamus:
1479 3231 1512 3302 dt
1538 3234 1675 3398 pridem
1696 3240 1730 3304 io
1746 3241 1854 3332 prima
1873 3245 1934 3310 Ca-

462 3335 598 3408 holicus
624 3335 711 3401 iorcr
736 3356 771 3399 ac
800 3328 1019 3399 Protellaotes
1052 3353 1103 3399 ao.
1133 3354 1238 3417 1552.
1272 3329 1444 3419 religionis
1477 3352 1571 3398 caut
1597 3331 1679 3400 inita
1711 3332 1934 3410 transsilione

462 3432 492 3506 ic
518 3427 608 3498 ditia
634 3423 821 3512 Pollrvieosr
854 3432 880 3512 i.
912 3429 939 3514 §.
968 3440 998 3503 ε.
1025 3425 1058 3495 dc
1082 3451 1117 3511 9.
1141 3426 1251 3494 omnis
1279 3450 1333 3493 vta
1357 3420 1436 3494 freti
1467 3425 1641 3516 religionis
1674 3426 1768 3499 cau'sa
1796 3435 1933 3527 utrique

462 3529 543 3601 tarci
570 3520 634 3594 fuit
658 3522 816 3605 inhibita,
842 3545 874 3592 et
899 3518 1103 3608 irrjunflum:
1131 3528 1162 3592 in
1186 3527 1245 3592 elle
1272 3527 1351 3611 Weg
1373 3526 1448 3591 narb
1464 3522 1668 3615 Auswcifimg
1692 3527 1742 3593 des
1766 3534 1807 3596 H.
1829 3534 1936 3600 Reitbs

462 3628 605 3700 lechem,
633 3625 835 3712 Otdnsngen,
861 3621 1011 3703 Alfiltcd
1032 3623 1095 3688 und
1115 3620 1356 3710 ausgetitbteren
1383 3620 1593 3708 Landsrieden
1611 3624 1672 3712 a),
1689 3624 1780 3713 jeder
1795 3625 1862 3713 fich
1881 3648 1936 3719 ge·

462 3746 509 3796 erc
536 3722 593 3789 den
618 3723 733 3786 andem
759 3742 798 3786 an
822 3718 1032 3808 gebrilrtendtn
1065 3718 1269 3786 ordentltcben
1299 3719 1433 3785 necnon
1462 3719 1534 3786 alles
1563 3716 1612 3804 bey
1647 3723 1851 3814 Vermeidrmg
1881 3728 1937 3793 der

462 3826 522 3892 ’vn
546 3822 579 3898 in
600 3814 704 3907 jri'ngst
729 3834 916 3882 tinctorem
942 3812 1148 3899 landfrieden
1170 3813 1331 3905 begriffea‚
1356 3814 1508 3903 begnri'geo
1533 3813 1648 3903 laffen:
1668 3814 1784 3886 eadem
1810 3823 1934 3912 partim

462 3913 618 4012 epetita,
648 3912 770 4006 partim
798 3907 924 3979 extensa
948 3904 1084 3978 fuerunt
1111 3912 1143 3977 in
1170 3910 1272 4003 paulo
1301 3905 1374 4004 post
1397 3932 1448 3976 an.
1479 3931 1583 3999 ¹555·
1610 3910 1742 3981 condita
1767 3936 1850 4009 pace
1874 3919 1936 3987 Re·

463 4008 577 4103 igiola
601 4004 658 4077 seu
682 4002 817 4076 Receffu
842 4007 982 4101 imperii
1014 4003 1218 4099 Augustano.
1256 3999 1298 4101 b.
1319 4030 1391 4091 ¹4·›
1422 4000 1480 4073 ubi
1509 4028 1618 4076 omnis
1644 4004 1701 4077 fibi
1724 4032 1778 4102 jus
1804 4011 1935 4084 dtcendr

461 4105 598 4182 iacultas
623 4103 657 4176 dc
685 4106 737 4176 vit
767 4097 844 4172 faui
878 4104 944 4173 illis
975 4100 1184 4196 temporibus
1208 4097 1469 4196 lrequeotillima
1494 4098 1629 4174 statibus
1654 4106 1830 4202 utriusque
1859 4110 1936 4179 reli·

1236 4201 1435 4290 Uuuu3
1826 4207 1938 4294 mmm

496 4369 539 4453 a)
561 4365 650 4446 leges
663 4363 725 4437 has,
741 4362 777 4424 ad
793 4378 869 4443 quas
883 4362 912 4423 le
924 4361 1063 4425 referunt
1076 4361 1283 4445 paciscentes,
1300 4361 1381 4434 illis,
1401 4360 1498 4442 quise
1514 4376 1667 4443 gravatos
1681 4375 1793 4450 putant
1804 4369 1842 4432 ab
1854 4365 1935 4447 aliis,

572 4445 656 4508 haud
682 4449 867 4526 permittunt
885 4443 1107 4525 Repcellaliaa3
1130 4445 1180 4510 sed
1205 4444 1393 4523 injungunt,
1413 4443 1548 4505 utviam
1560 4446 1639 4527 juris
1656 4449 1811 4520 ambulet,
1835 4452 1936 4515 astio-

571 4547 646 4592 uem
662 4526 801 4589 instituat
814 4545 909 4607 penes
919 4526 1056 4606 judicem
1070 4539 1324 4609 competentem,
1343 4544 1380 4585 aa
1393 4526 1429 4584 ub
1447 4524 1510 4588 hoc
1525 4525 1708 4596 sententiam
1720 4527 1755 4595 ἃ
1765 4537 1935 4598 executio-

571 4630 645 4674 nem
658 4623 769 4674 contra
780 4609 931 4694 protense
941 4621 1130 4691 grrvantetn
1145 4607 1306 4691 exspectet
1319 4618 1484 4690 gravatus.
