4950 5567
492 582 643 748 ,μ’
938 618 1521 742 vissanum

492 823 640 920 historia
658 817 844 917 affirmet,
868 814 1010 922 ingmti
1022 825 1208 916 propterea
1226 800 1391 910 applanfie
1407 799 1614 919 aplerisque
1630 793 1953 916 Eruditisstescepra,

494 929 543 1006 ia*
556 917 699 1002 ardenti
711 940 789 996 eum
804 911 966 1011 destderio
981 910 1024 990 ab
1037 913 1121 990 aliis
1136 906 1295 1016 bailenus
1307 903 1512 1009 conquesita.

609 1091 714 1169 Aliis
735 1113 837 1173 vero,
863 1089 922 1164 uti
939 1086 1122 1169 novitate,
1152 1085 1209 1157 ita
1229 1075 1450 1154 authoritate
1472 1071 1564 1150 Viri
1588 1066 1817 1149 Celeberrimi
1840 1072 1953 1153 DAvn

411 1217 419 1228 '
494 1216 570 1273 ms
598 1192 811 1266 Geonou
838 1206 1060 1260 orionem
1082 1183 1250 1257 Statuam
1270 1171 1553 1251 Prouincialium
1580 1169 1845 1268 Hildefienstam
1861 1175 1911 1251 A.
1935 1174 1953 1252 l

494 1289 665 1399 quondam
679 1284 824 1389 Syndiei
852 1287 966 1388 postea
981 1283 1088 1384 Regii
1102 1281 1147 1358 Et*
1157 1275 1363 1354 Eleiloralis
1377 1271 1593 1368 Brernsoico·
1607 1267 1885 1378 Laneburgerfis
1897 1273 1953 1352 Coa

490 1391 631 1484 stlinrii
644 1385 807 1488 Justitia
828 1387 954 1460 Intimi
965 1441 972 1458 ,
1001 1382 1048 1459 &¹
1064 1375 1222 1456 moderni
1238 1375 1463 1451 annectar-ia
1476 1371 1678 1447 Direbioris
1691 1370 1844 1450 nrultum
1850 1392 1953 1475 prau

496 1494 634 1590 caparis
648 1473 801 1586 aliquane
816 1479 1079 1585 adbaespeeiem
1119 1473 1362 1554 robabilitatis
1375 1473 1415 1548 ia
1430 1473 1653 1547 contrarium
1669 1469 1953 1576 relinqueremur

525 1497 1254 1686 umentovidebantur,qnareeoxdandatns
1266 1570 1953 1670 AntborHorarumsoblecivarum‚vulg

547 1683 779 1776 tbtnssunbtn,
801 1689 890 1754 lert.
962 1679 1083 1754 Trait.
1099 1682 1167 1753 V·.
1184 1702 1230 1752 ex
1246 1672 1448 1776 specialium
1459 1668 1643 1746 Fabiorum
1651 1667 1915 1768 Hildefieasinm
1927 1695 1953 1748 ae

498 1785 703 1886 rogatione,
729 1779 776 1858 Εἴ
797 1777 1021 1856 Trallatibas
1036 1777 1174 1872 defiepee·
1191 1774 1235 1850 ab
1250 1789 1398 1868 utraque
1415 1770 1636 1846 Summarum
1653 1769 1953 1870 Compaciseentim

456 1885 458 1889 ’
489 1897 601 1990 parte
621 1877 704 1954 binc
725 1875 804 1952 inde
818 1883 970 1984 agitatis
985 1874 1151 1970 admistos
1171 1897 1384 1948 communem
1393 1865 1487 1944 bane
1502 1863 1763 1946 catholicorum
1777 1869 1953 1948 Doblrinm

497 1978 716 2075 unioeestm,
759 1977 805 2055 θ’
826 1992 996 2080 qreeetenns
1018 1973 1067 2050 od
1089 1999 1201 2048 omnes
1231 1970 1382 2073 reliquas
1405 1969 1553 2064 lmperii
1581 1967 1759 2042 Romano·
1779 1967 1953 2045 Germani.

474 2141 477 2146 .
498 2079 710 2156 Provincias
722 2079 902 2174 pertinet,
926 2072 1087 2149 deducere
1109 2078 1249 2172 ingenti
1268 2095 1347 2146 cane
1370 2069 1549 2150 artifieio,
1568 2070 1722 2168 parique
1740 2093 1821 2144 cum
1837 2069 1953 2173 eloqno¹

500 2184 558 2254 tia
582 2175 628 2253 ἓν
641 2172 730 2271 styli
768 2177 932 2247 navitate
949 2190 1094 2247 cometus
1110 2175 1213 2265 pieit5
1237 2191 1385 2273 quaterne
1402 2163 1548 2265 proinde
1569 2168 1803 2272 meetnriorem
1818 2167 1953 2268 quande

500 2271 610 2351 addim
628 2269 757 2370 suscipi
778 2269 815 2346 di
831 2271 1034 2369 cnffimem,
1063 2274 1104 2346 in
1114 2270 1392 2371 supplementum
1400 2265 1516 2369 stupra
1535 2263 1684 2342 laudata
1702 2263 1953 2363 Differtationi

500 2392 611 2475 opera
618 2374 781 2473 pretinm
795 2373 935 2447 omnino
946 2368 1210 2466 oistamfuerat.

617 2519 706 2598 Hae
727 2522 822 2596 enim
842 2522 1089 2623 Argumenta,
1101 2551 1105 2562 ·
1117 2520 1177 2594 uti
1192 2517 1341 2620 prorfiee
1355 2517 1599 2620 particularia
1608 2516 1725 2612 sient,
1751 2517 1895 2624 ideoque
1912 2535 1953 2616 tn

501 2643 606 2725 qnam
620 2646 667 2695 ex
671 2617 751 2721 sola
766 2617 951 2696 Pailorum·
967 2633 1241 2694 memoratorum
1247 2621 1389 2718 partim
1408 2617 1654 2714 confeliionis,
1674 2621 1818 2720 partim
1830 2616 1954 2694 aboliti

501 2725 560 2796 m's
575 2719 738 2815 Historia
753 2717 974 2820 deprompta,
993 2715 1252 2814 particularem
1265 2741 1396 2820 qnoque
1413 2742 1461 2791 ex
1475 2713 1659 2812 eademfiei
1679 2715 1953 2814 ressolutioneme

502 2824 676 2920 quirunt5
702 2825 758 2894 ita
777 2812 1050 2908 ureiverstelium,
1075 2840 1150 2918 qua
1163 2812 1291 2890 ibidem
1314 2814 1530 2899 traduntur,
1547 2817 1814 2915 principiorum
1829 2816 1953 2918 explan

503 2922 635 2992 tionem
650 2916 697 2991 ὃν
712 2927 1001 3014 argumentorum
1012 2938 1059 2988 ex
1065 2910 1215 3014 praeisa
1230 2915 1402 2990 Atlornm
1423 2916 1469 2994 Θ·
1491 2915 1720 2990 Trallataum
1734 2913 1775 2989 P.
1798 2915 1856 2990 W.
1876 2915 1953 3008 Hist

365 3025 380 3036 '
503 3018 584 3100 ria,
610 3026 779 3113 qnatenus
797 3008 844 3084 ad
860 3009 1115 3086 ordinationem
1134 3011 1353 3106 diversorum
1368 3018 1408 3089 in
1428 3015 1579 3116 lmperio
1595 3012 1784 3089 Sacrorum
1801 3013 1953 3108 universt

493 3109 673 3210 spetlarat.
700 3105 954 3209 defiemptoram
967 3113 1297 3211 pertratlationem,
1314 3112 1356 3209 st
1363 3111 1412 3188 ad
1418 3112 1589 3285 areaeffim.
1616 3127 1656 3186 ut
1666 3115 1791 3208 parest
1833 3107 1953 3187 baete

504 3211 596 3282 iiari
618 3205 823 3299 volniffient,
851 3234 919 3283 non
935 3225 1066 3307 parum
1081 3206 1328 3309 impediiffi’nt,
1354 3226 1419 3285 nat
1432 3235 1485 3284 mo
1501 3237 1517 3283 e
1534 3213 1643 3284 etiam
1653 3211 1723 3305 stra
1741 3209 1899 3285 Leiioris
1912 3237 1953 3284 er:

505 3305 578 3378 diti
593 3307 809 3405 patientiam
824 3302 968 3380 obruere
987 3305 1184 3403 debniffent.
1235 3310 1405 3409 Separori
1410 3309 1562 3409 proinde
1579 3324 1729 3412 atraque
1742 3312 1953 3411 congruenti:

503 3400 621 3497 ovisrem
629 3402 734 3496 fnit,
760 3399 850 3477 inibi
872 3429 957 3478 vero
973 3405 1167 3504 partialem
1186 3401 1275 3482 bane
1299 3407 1516 3500 Historiam,
1544 3407 1591 3483 Ψ
1606 3423 1897 3510 arganeentorum
1914 3412 1953 3482 in.

505 3499 724 3577 dedailorum
752 3499 1003 3597 deffolutionem
1032 3503 1212 3598 restroare'
1259 3501 1526 3598 erbanarefieum
1549 3506 1596 3583 θ’
1614 3503 1814 3606 jucundum
1839 3505 1953 3583 accidi

503 3625 580 3704 qna
600 3625 668 3674 nan
692 3613 834 3676 tantum
851 3601 1077 3701 Episcopatni
1096 3523 1588 3702 Hildelebnfipatrocinatan
1604 3603 1673 3698 std
1685 3609 1866 3706 ingentem
1885 3609 1953 3681 etia

510 3696 717 3792 Univerfieli
746 3698 949 3774 Germania
969 3703 1091 3794 nestra
1108 3699 1202 3798 Jari
1220 3703 1321 3778 Eecle
1334 3707 1470 3796 eeestieo,
1496 3701 1610 3805 quoad
1618 3705 1756 3796 statum
1771 3701 1953 3797 diuerfieru

503 3801 544 3872 in
560 3797 710 3990 brepprio
726 3813 944 3901 receptarum
958 3798 1189 3903 Religionum
1209 3805 1308 3877 inter
1310 3802 1354 3897 st
1369 3801 1533 3896 ordinat,
1560 3826 1602 3876 ac
1615 3799 1759 3893 definit,
1783 3800 1953 3898 illustrati

502 3922 617 3973 nema
647 3912 717 3970 ert.

558 4047 565 4062 ’
625 4052 743 4156 Qam
763 4047 804 4126 ob
823 4050 960 4140 eandem
984 4050 1122 4127 eandem
1136 4052 1272 4156 qeeidem
1293 4053 1569 4154 viceffltndinum
1591 4055 1853 4156 Hildefienstnm
1876 4056 1953 4153 Hip

506 4154 621 4240 riam,
650 4169 817 4253 tanquam
831 4150 879 4224 ad
889 4152 1042 4250 ipsternne
1058 4171 1347 4252 argumentorum
1364 4153 1443 4228 inde
1461 4150 1659 4248 horridarum
1676 4159 1887 4231 intelleilum
1897 4180 1953 4258 pre

500 4255 634 4354 primis
656 4249 896 4344 neceffieriam,
921 4248 1082 4323 breviori
1104 4267 1220 4326 tamen
1230 4253 1324 4354 stylo
1338 4258 1572 4330 contrailam.
1600 4251 1657 4329 bie
1668 4253 1905 4350 fundamenti
1921 4255 1953 4332 lo

498 4353 725 4451 preemittere
739 4346 861 4442 reeestes
871 4348 1027 4446 placuit,
1050 4373 1125 4450 qna
1139 4343 1304 4426 abeodem
1321 4351 1413 4427 Viro
1433 4351 1664 4427 Celeberrimo
1681 4357 1745 4428 cit.
1762 4353 1816 4429 loc
1867 4380 1953 4430 reem.

496 4447 658 4545 stesae't5
681 4445 790 4549 quid?
812 4445 1033 4550 epnoelpancis
1049 4463 1190 4524 tantum
1208 4446 1454 4543 reflexionibus
1467 4459 1642 4552 exeeptis,
1667 4371 1864 4554 quibnsad
1873 4459 1953 4527 Vim

507 4552 600 4633 cias,
622 4561 685 4621 ant
702 4549 808 4618 Antn·
826 4549 1004 4616 Vindicius
1023 4546 1253 4622 liiidolmnles
1276 4548 1444 4652 qnondam
1466 4547 1595 4634 rebitas,
1621 4577 1695 4653 qun
1708 4552 1821 4654 quoad
1835 4546 1953 4629 berned

508 4646 679 4724 neteltanei
694 4641 966 4744 controoerpam
979 4644 1020 4722 in
1033 4641 1123 4722 idem
1124 4644 1211 4743 fere
1232 4653 1414 4743 recidunt,
1430 4648 1609 4755 paulisper
1622 4648 1826 4753 de'grede'or,
1851 4655 1894 4728 ire
1916 4679 1954 4730 re

1916 4775 1953 4858 qe
