4950 5567
578 667 651 742 512
780 665 784 680 ·
969 627 1625 726 „Dissert‘rnrto

584 847 663 896 cum
679 819 890 904 asseruerint,
912 817 1029 918 quidni
1044 821 1076 894 dt
1090 818 1167 918 ipsis
1183 818 1367 892 Catholicis
1379 813 1592 914 Principibus
1605 807 1723 887 eadem
1734 805 1944 912 Jurisdidlio
1958 835 2000 888 eo
2011 811 2072 914 ipso

587 920 746 994 attributa
760 921 829 994 esl?
855 919 910 992 sed
935 923 1088 1014 graviora
1111 918 1201 1001 l'unt,
1225 917 1359 1012 adquae
1382 939 1536 1000 transe03
1561 912 1669 1010 ipsuitr
1684 918 1720 986 P.
1738 920 1793 984 W.
1809 911 2073 1000 instrumentum,
2115 933 2117 1018 j

535 1100 537 1104 ,
586 1017 612 1090 si
628 1018 824 1116 paciscentes
841 1025 881 1091 A.
896 1022 934 1090 C.
952 1016 1076 1088 additli
1092 1019 1133 1088 de
1148 1041 1188 1089 co
1208 1015 1361 1088 meditati
1375 1009 1526 1095 luissent,
1551 1014 1643 1110 quod
1659 1007 1919 1109 Jurisdislionis
1934 1009 2075 1084 Ecclesia·
2115 1031 2117 1109 ξ

587 1115 674 1187 slieae
692 1112 816 1187 insitos
833 1113 981 1189 subditos
1001 1114 1136 1187 diverse
1151 1115 1325 1206 religionis
1342 1109 1506 1185 constitus
1519 1111 1595 1184 l'tios
1612 1109 1804 1182 Catholieos
1825 1105 1893 1182 esse
1910 1107 2074 1192 inhabiles,
2115 1117 2117 1132 '

585 1209 678 1284 soret
699 1213 817 1308 (quod
841 1215 952 1288 dicere
973 1211 1097 1306 nefas)
1119 1210 1318 1292 elusotium,
1344 1210 1536 1282 audiamus:
1561 1213 1595 1280 in
1617 1216 1692 1281 Art.
1714 1213 1759 1281 V.
1780 1214 1816 1300 §.
1841 1219 1906 1293 48.
1933 1203 2072 1300 expressis

586 1311 698 1382 verbis
717 1311 842 1409 absque
856 1314 948 1386 omni
968 1311 1070 1386 dubio
1083 1309 1239 1382 addixere
1249 1305 1526 1406 Jutisditlionem
1542 1303 1797 1396 Ecclesallieam
1810 1309 1849 1377 in
1863 1303 2022 1378 subditos
2035 1312 2073 1378 Α.

589 1411 650 1491 C.,
672 1433 834 1504 quatenus
850 1413 884 1481 in
901 1435 988 1482 atino
1004 1413 1203 1482 Deeretorio
1219 1405 1318 1500 gavisi
1340 1403 1454 1490 fuere,
1480 1403 1503 1477 li
1525 1409 1640 1501 itaque
1654 1403 1904 1477 inhabilitatem
1928 1404 2074 1476 credidis·

588 1502 679 1590 sent,
704 1509 813 1602 ejure
829 1511 998 1582 canonico
1012 1531 1129 1580 revera
1142 1532 1208 1580 utta
1222 1531 1322 1576 inanu
1338 1507 1431 1601 quod
1450 1504 1654 1584 concedunt,
1676 1501 1780 1576 altera
1793 1505 1994 1598 eriperent,
2018 1502 2072 1576 eli·

589 1601 678 1674 soria
695 1601 784 1678 soret
797 1603 977 1688 concessio,
1001 1605 1056 1679 sed
1070 1631 1145 1680 eum
1161 1601 1456 1700 PaxWeslpltaliea
1472 1629 1536 1700 pro
1548 1597 1641 1673 sorite
1656 1598 1914 1697 Jurisdislionis
1931 1597 2073 1672 Ecclestr·

369 1770 372 1786 ,
474 1759 496 1779 ,,
591 1699 678 1772 slicn
694 1701 843 1798 posuerit
857 1702 1125 1800 superioritatem
1141 1702 1380 1776 territorialem
1393 1700 1625 1795 lili),quodin
1638 1695 1698 1768 suo
1713 1695 1890 1792 systemate
1906 1697 1966 1792 jus
1981 1691 2117 1780 Ceno}

468 2737 472 2744 .
596 2675 747 2780 „slentio
762 2679 928 2752 lubentius
945 2680 1110 2760 involvas,
1137 2703 1236 2776 quain
1254 2677 1331 2748 talia
1347 2677 1605 2754 contradisloria
1621 2677 1722 2750 bodie
1739 2679 1773 2746 in
1797 2675 1904 2750 causis
1921 2679 2073 2774 methu·

591 1801 704 1870 nicum
717 1804 874 1893 ignorat,
894 1801 1046 1876 salvares
1061 1801 1125 1883 esl,
1150 1801 1184 1872 id
1202 1798 1292 1895 quod
1306 1799 1375 1894 jam
1390 1799 1490 1894 supra
1505 1797 1642 1870 uberius
1657 1799 1893 1893 explanatum3
1924 1795 2075 1868 lioeitltit
2114 1785 2117 1890 J

591 1920 699 1992 porro
722 1897 931 1972 celeberrimi
953 1902 1042 1999 apud
1063 1897 1267 1971 Viennenses
1289 1892 1484 1969 Professoris
1505 1901 1727 1968 Bocetsit
1751 1896 1785 1964 in
1808 1892 2074 1986 Itiffertati'inrst

590 1995 737 2088 potestate
757 2001 905 2069 indicendi
919 2000 1020 2090 seriis
1037 2003 1072 2086 ξ.
1089 2025 1146 2088 30.
1167 1993 1268 2067 verba
1287 2021 1361 2068 mea
1384 1990 1512 2066 facere:
1547 1993 1779 2078 „Palmatium
1803 1985 2073 2074 fundamentum,
2111 1937 2117 2068 l

594 2091 709 2258 „pund
727 2094 1064 2210 omnesobjeiiiones
1080 2120 1156 2168 eum
1176 2091 1384 2260 suinoaliipp
1393 2091 1505 2190 jubet,
1532 2091 1580 2207 esl
1593 2089 1669 2164 sane
1685 2090 1785 2202 illud,
1808 2086 1833 2160 li
1851 2091 1955 2162 unius
1976 2089 2075 2163 Ponti·
2111 2087 2115 2198 ἰ

593 2189 1871 2384 :iit‘illltllltbl'llisit3⁰52⁵‘li.l⁰.'332¹.³illlltll;tlt
1886 2209 2075 2382 {ltili
2114 2310 2117 2322 ·

595 2409 656 2464 „re
672 2391 862 2482 competiit,
889 2385 963 2460 sane
975 2413 1074 2460 nemo
1088 2388 1184 2483 plane
1205 2385 1306 2458 hodie
1323 2383 1419 2456 slatui
1433 2386 1607 2460 Catholieo
1622 2383 1852 2462 contradicere
1868 2383 2022 2466 audebit,
2044 2379 2075 2458 dt
2107 2386 2117 2454 l:

589 2480 676 2571 „tibi
690 2479 852 2582 suspensio
868 2485 955 2556 illius
968 2486 1209 2581 jtttisditlionis
1221 2481 1299 2556 fecit
1313 2483 1461 2556 dormire
1478 2483 1589 2566 illam,
1615 2509 1689 2579 que
1706 2479 1871 2554 inhabiles
1887 2481 2009 2554 reddat
2022 2476 2076 2552 Ca·

596 2580 780 2670 „ebolieos3
806 2583 855 2654 vel
877 2581 1102 2679 jurisdiilioni
1126 2579 1286 2678 suspense
1309 2578 1466 2652 effeiluni
1489 2586 1582 2677 prius
1600 2580 1729 2660 demas,
1759 2601 1815 2650 aut
1836 2577 2073 2651 inhabilitatem
2102 2599 2117 2789 'p

598 2777 667 2857 „tis
684 2777 808 2872 publici
824 2779 967 2873 amplius
983 2781 1016 2847 iii
1033 2777 1180 2848 inedium
1196 2771 1375 2872 proferre,
1401 2775 1550 2871 permisit
1564 2779 1653 2847 enim
1666 2802 1730 2871 pax
1742 2773 1970 2872 Weslpbalica
1984 2773 2072 2846 hodie
2104 2791 2117 2839 t·

596 2873 774 2956 „omnibus
799 2873 951 2956 slatibus,
978 2874 1028 2946 vel
1050 2871 1209 2944 membris
1228 2875 1368 2967 imperii
1395 2873 1613 2955 immediatis,
1640 2873 1805 2966 quidquid
1824 2873 1958 2946 ordinis
1979 2871 2072 2965 gretia
2101 2839 2115 2944 lt

597 2971 661 3055 „ad
677 2971 873 3060 religionem
890 2974 1051 3066 pertinet,
1073 2972 1225 3065 exceptio
1240 2973 1328 3038 enim
1345 2969 1375 3039 ἃ
1391 2971 1423 3039 iit
1437 2970 1547 3042 nollro
1563 2968 1637 3043 casu
1652 2968 1762 3041 firmat
1776 2969 1950 3063 regulam,
1969 2963 2072 3067 quodd
2103 2947 2108 3008 l

598 3069 724 3158 ‚igitur
740 3070 887 3138 Domino
905 3069 1097 3138 territoriali
1114 3067 1203 3138 nulla
1224 3065 1392 3161 dispositio
1405 3073 1566 3164 competit
1579 3072 1666 3138 circa
1687 3093 1741 3150 ea,
1771 3094 1846 3162 quae
1863 3068 1907 3138 ad
1926 3063 2073 3162 Augusti·
2103 3033 2115 3128 l.

592 3187 698 3258 ¹‚iiiam
714 3159 957 3238 Conseslionem
971 3162 1135 3272 spellam,
1160 3189 1239 3250 ceu,
1266 3190 1339 3264 que
1361 3165 1548 3264 credenda,
1577 3165 1758 3242 &iuterna
1780 3165 1893 3240 cultus
1907 3171 2073 3240 Dinniin·
2110 3187 2117 3227 :

1992 3285 2071 3348 „tete

641 3430 698 3512 sila)
721 3432 962 3500 Instrumentum
985 3439 1016 3503 P.
1029 3439 1083 3506 W.
1105 3441 1135 3502 in
1152 3438 1220 3504 Art.
1236 3438 1277 3505 V.
1296 3441 1329 3518 ὃ.
1342 3452 1393 3520 48.
1410 3439 1640 3522 expresi'iffimis
1658 3439 1800 3503 terminis
1817 3438 1948 3512 statuit,
1971 3438 2022 3518 jus
2038 3433 2072 3496 sa·
2105 3507 2112 3519 ‚

715 3537 859 3591 erorum,
878 3521 1134 3594 Juiisdittiiinem
1152 3523 1395 3584 Ecclesiasticam
1410 3527 1491 3585 iutra
1508 3527 1664 3586 terminos
1683 3523 1828 3601 cujusvis
1849 3521 2006 3584 territorii
2022 3515 2072 3580 sese
2104 3539 2109 3598 i

715 3603 878 3664 continere
897 3605 1026 3674 debere,
1051 3605 1088 3664 ad
1112 3603 1206 3665 solam
1228 3607 1334 3685 itaque
1356 3605 1605 3685 superioritatem
1628 3605 1849 3666 territurialem
1868 3605 1909 3664 ad
1929 3603 2072 3666 terminet
2105 3603 2109 3680 ζ

714 3685 865 3745 territorii
901 3686 1096 3748 instrumenti
1122 3685 1347 3768 PaclVellph.
1373 3689 1533 3770 dispositio
1562 3689 1713 3768 respicit,
1748 3687 1881 3747 omnino
1910 3705 1994 3746 vero
2013 3685 2072 3764 juri
2105 3693 2109 3736 ἱ

714 3765 915 3844 collegisse,
949 3767 1161 3848 lllajestatica‚
1193 3770 1456 3842 translationem,
1490 3774 1585 3850 inque
1611 3788 1647 3829 ea
1668 3765 2071 3848 siibditorumergaDonii·
2106 3765 2117 3806 ἵ

714 3864 789 3907 num
813 3851 1031 3910 territiirialem
1053 3851 1240 3914 beneficium
1264 3853 1413 3930 ignorat,
1440 3853 1519 3913 nulli
1543 3852 1635 3912 statui
1664 3851 1848 3911 immediato
1878 3849 1958 3928 jus,
1997 3843 2071 3929 quod
2113 3883 2117 3894 ·

714 3927 771 4007 ipli
793 3933 915 3990 ratione
939 3935 1115 4005 territorii3
1151 3931 1185 3993 de
1212 3933 1438 4006 superioritatis
1464 3933 1646 4013 competit,
1676 3932 1819 4012 impediti
1847 3931 1984 4005 debete,
2012 3945 2071 3990 eunt

714 4010 827 4072 statuat
843 4012 910 4074 Art.
927 4013 965 4077 V.
992 4017 1024 4094 ὃ.
1037 4035 1087 4098 30.
1111 4017 1183 4095 quid
1202 4013 1337 4076 intendit
1353 4017 1457 4089 aliud,
1487 4013 1542 4076 nili
1565 4012 1633 4092 jura
1656 4013 1709 4074 illa
1729 4013 2070 4094 stiperioritatitertito·

715 4092 784 4154 riili
804 4091 863 4153 ell'e
886 4113 1026 4167 innexa,
1056 4095 1077 4158 li
1101 4095 1130 4159 P.
1150 4093 1203 4159 W.
1228 4095 1298 4156 Art.
1314 4095 1352 4158 V.
1380 4099 1406 4176 d.
1421 4115 1470 4178 27.
1491 4095 1524 4155 dt
1545 4115 1596 4172 41.
1622 4093 1860 4178 permittemus,
1884 4095 1973 4166 imo,
1995 4093 2070 4156 sito·

715 4175 790 4235 tius.
815 4173 844 4236 l'.
865 4173 919 4240 W.
938 4177 1241 4240 mensdtconnexio
1255 4176 1449 4254 inspiciatur,
1469 4178 1520 4257 jus
1534 4177 1691 4238 sacrorum
1708 4178 1827 4238 iutuitu
1839 4175 2070 4238 Protesrantiunt

717 4255 926 4338 stiperiotitati
944 4260 1124 4321 territuriali
1141 4259 1258 4336 semper
1273 4259 1505 4332 identilieatiir,
1528 4273 1663 4340 cumque
1678 4260 1731 4320 illa
1745 4260 1993 4340 inseparabiliter
2005 4273 2071 4319 con·

716 4339 870 4413 riettitur,
891 4340 954 4402 sola
968 4343 1042 4403 ditti
1060 4343 1128 4402 Art.
1146 4343 1178 4420 ᾗ.
1192 4357 1244 4420 29.
1257 4339 1309 4403 ins
1326 4343 1411 4404 estio
1429 4343 1473 4403 sat
1488 4343 1617 4426 probat,
1642 4359 1714 4402 euin
1728 4344 1790 4403 ait:
1811 4359 1876 4403 tani
1890 4343 2016 4403 ratione
2025 4337 2072 4421 jai·

717 4424 763 4483 ri'r
781 4423 983 4501 reformandi,
1006 4443 1096 4504 qriain
1112 4425 1244 4483 oliorum
1262 4359 1384 4503 cubiti-m
1402 4427 1577 4504 rili'ptiiatam
1596 4425 1873 4496 concernentium,
1896 4423 2006 4486 liberte
2024 4427 2072 4484 im·

734 4507 794 4565 etii
818 4509 965 4566 civitates
982 4526 1051 4564 cuin
1066 4506 1134 4565 aliis
1150 4503 1280 4564 statibus
1295 4507 1397 4586 aeqiile
1410 4507 1460 4585 jus
1476 4507 1625 4572 labeant.
1647 4507 1719 4582 quid
1736 4504 1843 4586 ipiteso
1858 4505 1977 4568 clarius
1993 4521 2074 4584 quain

717 4526 751 4664 ξ.
766 4597 816 4666 42.
832 4587 864 4648 ἃ
878 4607 929 4666 43.
944 4585 1121 4667 dispositio,
1141 4587 1340 4658 ubidicitur,
1360 4607 1448 4648 neca
1462 4588 1525 4648 sola
1545 4589 1696 4666 qualitate
1710 4587 1844 4659 feudali,
1868 4607 1932 4650 nec
1951 4609 1968 4648 a
1988 4587 2077 4660 luris·

716 4669 857 4813 gittiotdie
870 4667 1027 4734 Crimiuili
1035 4709 1045 4744 ,
1065 4666 1135 4749 jure
1149 4669 1266 4749 gladii,
1290 4667 1340 4734 sed
1356 4689 1373 4734 a
1388 4669 1606 4754 superioritate
1619 4670 1803 4734 territoriali
1819 4669 1873 4752 jis
1891 4666 2080 4736 reformindi

739 4770 815 4832 epoti
839 4769 901 4816 ete.
