4950 5567
510 637 582 695 222
611 625 613 630 ·
657 589 992 724 DQSSERTA‘HO
1021 595 1861 701 31111.οεαΜ.ΕοοιιεειΑετ.ΡυΒιιοι

509 791 726 876 concedetur,
750 788 806 864 sed
821 787 960 862 subditis
975 807 1111 884 quoque
1130 781 1240 881 quoad
1257 780 1467 874 Religionem
1486 804 1561 852 curn
1583 783 1732 856 Domino
1753 781 1991 872 consentienti·

509 890 591 974 bus,
615 891 812 988 participata
826 891 915 958 Tem
943 885 1053 957 lorum
1068 880 1328 978 sumptuumque
1342 879 1550 973 reliquorum
1566 884 1823 967 communione,
1839 887 1990 976 fimaiu·

505 1013 613 1070 scum,
647 986 738 1082 quod
763 987 886 1057 trudam
907 910 971 1054 ibe
991 980 1114 1070 craffem
1139 982 1311 1050 nominate
1322 974 1485 1059 assolent,
1522 973 1617 1047 final
1642 982 1870 1074 permittatur.
1933 991 1990 1060 An

506 1089 596 1156 enim
613 1088 674 1180 Jus
689 1081 857 1178 quoddam
873 1077 1074 1180 prohibendi
1097 1076 1170 1147 aliis
1188 1074 1325 1146 subditis
1343 1099 1409 1145 non
1427 1076 1660 1169 oppignoratis
1682 1073 1876 1173 possessione
1896 1086 1988 1157 Anni

504 1185 629 1252 Nortn.
651 1176 766 1273 gavisa
782 1201 916 1251 eatenus
934 1172 1087 1248 adversus
1105 1176 1291 1245 Dominum
1312 1167 1467 1267 superfit,
1498 1171 1599 1243 hu'us
1619 1172 1683 1244 loci
1702 1171 1915 1274 nequaquam
1940 1177 1988 1254 esi

505 1276 693 1374 disputare,
726 1280 795 1347 imo
815 1276 868 1348 vel
890 1272 950 1374 ipsi
980 1274 1151 1367 Principes
1179 1269 1282 1341 hodie
1312 1266 1461 1342 consulto
1492 1196 1612 1342 eodem
1643 1268 1806 1346 abstinere
1835 1270 1985 1354 effosus.

460 1383 462 1388 '
505 1374 627 1466 Quoad
647 1377 890 1472 oppignoratos
905 1393 995 1445 certe
1009 1367 1156 1441 subditos
1169 1369 1320 1444 Domino
1341 1366 1485 1438 reluenti
1498 1366 1568 1439 haec
1581 1363 1651 1464 ipsa
1664 1372 1880 1444 PacisLitera
1893 1371 1988 1448 loeo·

502 1468 677 1544 lentissime
698 1467 917 1565 suffragatur;
949 1468 1028 1539 dum
1049 1469 1137 1538 enim
1163 1465 1300 1538 eosdem
1322 1463 1362 1533 ad
1382 1461 1639 1537 transaslionem
1659 1490 1677 1535 a
1698 1469 1849 1542 Domino
1869 1467 1985 1572 exspes

373 1579 384 1594 “
503 1563 657 1640 {landam
673 1565 822 1660 ablegat,
847 1569 921 1664 quis
942 1567 1090 1636 Domino
1105 1560 1323 1633 Territoriali
1347 1557 1561 1632 interdissum
1583 1556 1714 1635 censere
1737 1567 1884 1659 poterit,
1939 1593 1984 1644 uo

501 1669 615 1737 minus
630 1668 663 1736 in
680 1664 796 1736 eadem
813 1660 1034 1735 transaslione
1047 1660 1275 1733 simultaneum
1294 1659 1356 1730 hoc
1371 1656 1512 1729 crudum
1530 1655 1667 1731 subditis
1683 1665 1718 1731 in
1731 1591 1982 1754 Religionebbi

504 1759 783 1835 consentientibus
808 1759 1004 1858 prsserret,
1038 1782 1094 1829 eut
1122 1779 1278 1853 tanquam
1307 1752 1540 1851 proferentum
1563 1753 1695 1853 semper
1717 1757 1855 1854 polibat
1877 1761 1985 1836 indul·

504 1869 589 1952 ge'at.
639 1867 691 1930 Ac
713 1882 812 1930 omne
836 1855 978 1954 desuper
1000 1855 1138 1927 dubium
1158 1856 1330 1953 prevertit
1352 1849 1530 1947 spontunea
1551 1857 1703 1926 Statuum
1726 1853 1982 1935 Proteslantiuur

502 1955 648 2035 obletio,
674 1955 753 2027 dum
768 1961 801 2026 in
823 1951 976 2047 Projeslo
990 1949 1205 2026 instrumenti
1221 1951 1312 2020 Pacis
1330 1975 1347 2018 a
1363 1951 1477 2021 Suecis
1491 1947 1604 2026 oblato
1619 1953 1656 2042 a)
1686 1955 1836 2026 Domino
1853 1955 1980 2029 reluen·

503 2055 528 2123 ti
550 2051 744 2147 potestatem
759 2052 943 2143 Religionis
959 2049 1022 2123 surr
1038 2051 1232 2120 exercitium
1244 2051 1372 2138 jandin
1395 2046 1628 2119 introducendi
1646 2044 1800 2121 asserunt.
1854 2056 1984 2152 Neque

503 2152 593 2220 enirn
609 2154 736 2238 jandin
752 2151 964 2220 introducere
978 2148 1080 2217 alium
1095 2143 1310 2237 fignificstum
1321 2145 1462 2244 propius
1479 2143 1634 2227 denotet,
1651 2169 1752 2244 quam
1765 2171 1981 2223 communem

502 2239 1983 2416 l5l⁵l⁰‘ll{3³libell?¹¹1,:illlllssllfftllli:lbllll‘lbpllsf

502 2439 589 2510 tibus
604 2366 846 2535 erdprtssedunt,
874 2441 968 2536 queis
982 2366 1165 2509 eoibodem
1180 2435 1232 2506 rel
1250 2432 1464 2522 divisionem,
1489 2435 1542 2506 vel
1561 2432 1865 2535 compossessorem
1896 2465 1981 2536 pon·

502 2558 537 2608 te
559 2535 823 2633 proposuerunt3
855 2535 932 2607 huic
951 2537 1040 2606 eninr
1061 2531 1081 2603 s
1100 2556 1248 2605 ontaneae
1271 2527 1521 2605 Proteslantium
1548 2531 1708 2604 oblationi
1731 2534 1924 2608 catholicos
1943 2541 1979 2612 iu

500 2656 559 2715 ea,
585 2641 658 2727 qu'ae
674 2634 775 2705 bodie
788 2632 923 2706 brevius
938 2559 1105 2702 contradi
1120 2630 1259 2721 legitur,
1293 2624 1438 2697 formula
1459 2629 1687 2702 contradicere
1709 2655 1764 2703 aut
1785 2637 1982 2712 renuntiare

500 2728 655 2811 voluisse,
682 2731 884 2802 adeo-nemo
900 2728 1046 2825 prudens
1065 2749 1177 2796 retum
1194 2724 1318 2795 arbiter
1339 2723 1522 2796 existimate
1538 2729 1680 2820 poterit,
1714 2751 1750 2800 ut
1770 2732 1884 2824 potius
1903 2728 1981 2818 sue,

500 2819 1504 3016 llllmsslsslslbssbil:ipsisslsllldbl?
1518 2820 1980 3018 Rpll‘l'nllllssil

499 3043 581 3092 nete
607 3018 791 3097 voluerint,
831 3017 931 3087 nullis
951 3015 1063 3086 saltem
1083 3017 1181 3106 Legis
1195 3012 1334 3108 publieae
1353 3013 1512 3086 limitibus
1534 3017 1712 3113 nequidem
1735 3041 1872 3091 eatenus
1886 3047 1980 3096 cuer·

495 3113 634 3195 sistam,
660 3137 696 3183 ut
711 3111 856 3184 subditos
872 3116 1113 3212 oppignnrstos
1134 3114 1168 3183 in
1183 3112 1302 3183 iisdem
1323 3111 1405 3182 locis
1423 3114 1463 3182 sd
1487 3111 1788 3211 compossellionem
1810 3120 1980 3217 Templo·

496 3235 572 3281 tutu
587 3209 627 3280 ab
642 3208 716 3306 ipsis
734 3209 878 3282 solitarie
900 3215 934 3281 in
949 3218 1047 3281 Anno
1064 3209 1222 3282 Normali
1243 3204 1477 3303 possessorum,
1511 3233 1567 3281 aut
1589 3210 1629 3280 ad
1652 3209 1996 3300 fimultaneum-crus,

472 3333 483 3346 ·
498 3307 577 3378 dutn
593 3330 641 3377 tot
656 3305 884 3381 dissensionum
900 3307 934 3380 dc
954 3305 1127 3380 turbarum
1141 3302 1226 3406 sepe
1241 3302 1394 3378 fomitem
1409 3327 1484 3377 cum
1499 3307 1679 3380 Catholicis
1693 3309 1912 3388 coadmittere
1927 3335 1977 3390 te·

494 3427 665 3477 necentur.

1135 3558 1168 3646 t.
1217 3493 1362 3623 xlv(

610 3693 711 3789 Qrod
732 3717 812 3765 vero
828 3688 986 3766 hebenus
1003 3693 1045 3767 de
1059 3694 1244 3787 Religionis
1267 3694 1445 3778 exercitio,
1471 3716 1625 3791 tunquam
1651 3691 1818 3779 indebito,
1842 3695 1974 3774 dilium

494 3789 580 3873 suit,
607 3797 645 3861 ad
669 3793 738 3886 ejus
762 3816 896 3887 quoque
919 3816 1040 3864 annexa
1066 3797 1235 3888 pertinere
1254 3793 1342 3862 haud
1366 3790 1411 3864 est
1433 3790 1661 3862 dubitandum.
1719 3797 1830 3889 AEque
1849 3820 1976 3894 parum

496 3894 585 3962 enim
608 3889 663 3957 illa
687 3914 724 3957 ert
746 3885 935 3982 possessione
957 3894 1046 3960 Anni
1062 3888 1239 3960 Normslis
1256 3889 1308 3957 his
1330 3887 1466 3958 subditis
1489 3889 1617 3959 telttitis
1635 3887 1748 3961 deberi
1764 3915 1802 3962 ert
1819 3891 1974 3966 deduffls

497 3983 655 4057 hasiensis
679 3982 795 4078 sponte
814 3983 868 4054 sua
889 3985 1112 4080 consequitur.
1159 3991 1293 4054 Neturs
1309 3983 1513 4055 videlieet&
1535 3984 1662 4054 indoles
1684 4010 1802 4057 eorum
1821 3987 1892 4083 jam
1908 3987 1976 4062 suf·

495 4082 608 4153 ficiens
627 4082 725 4149 huus
741 4084 789 4151 rei
804 4105 1039 4171 argumentum
1059 4081 1271 4177 suppeditare
1291 4078 1442 4162 videtur,
1470 4105 1534 4174 qua
1555 4104 1711 4176 tanquam
1734 4107 1826 4154 mere
1849 4090 1975 4158 exerci-

404 4227 418 4240 -
489 4181 531 4250 ¹tii
549 4178 732 4269 Religionis
749 4175 920 4247 accessoria
942 4202 981 4250 ex
1003 4177 1075 4276 ipso
1089 4179 1232 4247 nominis
1258 4172 1305 4245 sui
1328 4199 1441 4269 etytno
1462 4175 1649 4247 estimanda
1672 4182 1817 4250 veniunt.
1867 4185 1973 4258 Unde

430 4287 436 4302 '
495 4280 646 4370 quemvis
670 4277 909 4368 depromptum
933 4298 971 4347 er
992 4274 1189 4347 Broratdiro
1210 4270 1290 4344 illo:
1324 4275 1508 4364 actefforittm
1533 4276 1671 4367 [equitur
1697 4278 1785 4366 [unm
1808 4285 1976 4376 principale

493 4395 727 4464 argumentum
751 4374 786 4441 in
809 4371 957 4467 politicis
989 4394 1089 4469 atque
1111 4369 1254 4469 publicis
1281 4375 1424 4462 negotiis
1450 4396 1517 4445 non
1540 4369 1672 4468 setuper
1702 4374 1878 4462 validum,
1914 4401 1974 4452 aut

1872 4498 1971 4548 omns

535 4632 574 4713 a)
589 4591 682 4696 Coos.
695 4632 769 4714 Cap.
782 4628 809 4695 1.
827 4629 853 4711 s.
867 4627 910 4695 V.
925 4628 957 4690 io
971 4627 1056 4692 Noto
1072 4629 1216 4706 subiesls.
