4950 5567
588 637 664 722 ΒΕ
690 631 979 722 tactotetttt
1002 639 1195 724 attubus.
1219 643 1278 726 ΙΝ
1303 645 1548 730 CONFIRM.
1573 647 1739 731 cotttt.
1760 651 1829 733 &cs
1878 675 1946 758 321
2077 737 2080 742 .

483 815 629 904 dversae,
653 843 693 896 ut
713 823 914 921 quandoque
936 828 1116 919 contingit,
1143 827 1312 922 Religioni
1334 826 1456 902 addisti
1471 825 1649 904 secundum
1672 835 1836 930 principia
1850 837 1946 907 Reli··

485 919 581 1012 donis
603 916 669 990 suae
686 919 819 1016 publice
834 924 935 993 cultui
951 925 1064 997 divino
1078 949 1194 998 vacare
1217 930 1470 1023 permittantur,
1492 950 1647 1026 tanquam
1666 935 1786 1024 quietis
1802 933 1943 1026 Imperii

484 1015 1551 1121 urbativamanullaLegispublicelitreraprohiberiollenditur.
1577 1032 1654 1098 Ncc
1667 1051 1812 1122 unquam
1822 1027 1944 1101 subditi

482 1114 680 1186 acatholica
695 1115 869 1207 Religione
890 1114 1075 1192 diffidentes
1092 1140 1157 1189 tam
1175 1120 1306 1193 delicati
1327 1124 1362 1193 in
1376 1143 1464 1211 aegre
1476 1115 1614 1212 serenda
1629 1122 1662 1193 dt
1679 1125 1855 1194 invidenda
1867 1126 1943 1195 aliis

484 1209 666 1282 concivibus
689 1213 830 1282 innocua
851 1214 992 1308 quadam
1012 1218 1168 1288 Exercirii
1189 1218 1374 1310 Religionis
1397 1215 1461 1288 suae
1488 1215 1641 1290 societate
1662 1216 1768 1291 futuri
1791 1217 1963 1306 suillent,¹

480 1305 527 1378 risi
550 1307 698 1378 aliorum
720 1312 946 1402 potentiorum
970 1311 1002 1382 dt
1023 1335 1255 1386 extraneorum
1275 1314 1404 1386 viribus
1426 1311 1534 1386 foveri
1550 1315 1584 1386 dt
1601 1312 1771 1396 sullenrari
1785 1314 1850 1388 lese
1865 1341 1944 1413 per·

478 1401 649 1484 sentirent,
673 1428 729 1475 sut
745 1408 842 1475 toties
855 1405 922 1500 jam
938 1405 1170 1503 persensissent.
1220 1413 1262 1483 Et
1274 1410 1360 1482 hanc
1371 1412 1482 1507 potius
1499 1411 1671 1484 turbarum
1691 1411 1941 1508 plerarumque,

477 1495 714 1573 &infelicium
736 1499 993 1574 concitationum
1015 1500 1223 1578 subditotum
1245 1504 1403 1579 adversus
1416 1510 1581 1578 Dominus
1595 1511 1754 1604 proprios
1777 1506 1862 1604 saepe
1878 1534 1940 1582 nec

476 1620 606 1690 rogatos
625 1595 733 1668 ansam
749 1601 941 1692 primariam
955 1596 1035 1682 else,
1057 1606 1259 1698 experientia
1271 1601 1417 1676 restatur.
1467 1608 1684 1701 Quapropter
1700 1605 1784 1676 hanc
1799 1605 1940 1678 eandem
1990 1657 1992 1662 ,

476 1689 659 1786 graviffime
674 1697 707 1764 in
728 1699 877 1792 Imperio
892 1697 1096 1794 prohibitam
1111 1697 1232 1772 diserta
1250 1701 1341 1774 Pacis
1355 1696 1507 1796 Wellph.
1526 1699 1636 1773 littera
1652 1701 1748 1773 docet
1760 1707 1833 1772 Art.
1849 1708 1890 1772 V.
1907 1711 1939 1790 §.

476 1815 528 1886 30.
555 1790 742 1865 luculenter
762 1790 922 1874 statuens,
943 1793 1025 1878 ’'ur,
1056 1819 1122 1867 rum
1143 1802 1266 1888 maioris
1288 1800 1442 1870 concordie
1470 1799 1558 1868 inter
1578 1801 1686 1868 Status
1708 1795 1940 1870 conservandae

476 1885 588 1971 „caula
611 1887 737 1960 dudum
759 1912 877 1960 cautum
892 1892 1013 1982 faerit,
1047 1893 1136 1983 quod
1160 1919 1261 1966 nemo
1277 1899 1389 1964 alienos
1402 1893 1537 1984 subditas
1556 1893 1598 1963 ad
1619 1890 1709 1964 suam
1727 1895 1939 1984 Religionem

476 1985 711 2080 ..pertraham
733 2009 813 2057 eave
829 1988 1053 2082 (Religionis)
1067 1986 1161 2061 causa
1179 1993 1213 2061 in
1229 1987 1453 2063 defenlionem
1465 2011 1522 2060 aut
1538 1987 1782 2087 protcslioncm
1798 1989 1939 2086 suscipe·

476 2105 550 2162 ηις,
572 2086 677 2153 illisve
692 2087 752 2151 atta
766 2089 881 2153 ratione
901 2091 1083 2174 patrocinari
1100 2090 1223 2167 deleat,
1246 2090 1311 2160 hoc
1326 2088 1415 2158 idem
1432 2111 1536 2182 porro
1551 2109 1685 2181 quoque
1704 2085 1743 2156 ab
1760 2089 1939 2182 utriusque
1958 2173 1961 2178 Ι

476 2176 656 2269 Religionis
683 2177 827 2250 statibus
850 2178 1017 2253 observari
1038 2184 1231 2275 oporteat.’'
1278 2185 1348 2253 lllae
1370 2207 1468 2264 vero,
1500 2206 1574 2276 quae
1596 2182 1637 2252 de
1657 2178 1689 2254 se
1711 2179 1939 2256 indifferentia

476 2270 564 2356 butt,
588 2273 739 2370 nihilque
755 2275 826 2346 aliis
843 2279 1034 2349 concivibus
1048 2279 1243 2372 detrahunt,
1268 2279 1433 2351 turbativa
1449 2281 1569 2374 quietis
1591 2279 1625 2352 dt
1646 2281 1749 2350 comis
1767 2277 1939 2350 cohabita·

476 2373 570 2442 tionis
593 2375 628 2442 in
649 2375 798 2468 Imperio
820 2371 1002 2444 necessaria
1027 2374 1093 2445 dici
1117 2399 1181 2445 non
1210 2373 1364 2470 pollunt,
1398 2377 1549 2469 quamvis
1571 2373 1789 2446 Prorellantes
1815 2372 1940 2449 subditi

476 2491 557 2540 ccco
571 2465 674 2562 saepc,
696 2491 732 2540 ur
745 2467 862 2561 vulgus
875 2491 961 2540 amat
970 2520 979 2553 ,
1002 2474 1130 2566 impetu
1146 2471 1341 2567 &putativo
1356 2472 1538 2561 Religionis
1552 2471 1625 2541 zelo
1641 2467 1730 2541 dusli
1749 2495 1787 2539 ex
1802 2467 1937 2542 suasor·

477 2561 528 2634 san
549 2565 661 2638 indole
686 2568 806 2660 quietis
827 2568 1021 2660 impatiente
1044 2567 1235 2638 Catholicos
1260 2565 1407 2639 subditos
1431 2590 1507 2638 cum
1528 2568 1677 2637 Domino
1702 2569 1736 2635 in
1760 2565 1938 2658 Religione

479 2657 709 2734 consentientes
733 2663 958 2759 prepedieudi
986 2665 1189 2756 vexandique
1213 2661 1271 2735 stbi
1295 2659 1496 2735 occasionem
1522 2659 1666 2744 sumant,
1692 2682 1747 2732 aut
1768 2662 1937 2736 Catholici

481 2761 571 2830 etism
592 2757 697 2844 justos
724 2761 923 2856 quandoque
947 2760 1262 2833 litnitesaDomino
1282 2756 1404 2857 politos
1429 2758 1615 2850 transgredi
1639 2758 1790 2830 audeant.
1856 2759 1938 2855 Juri

481 2854 685 2926 Tetricoriali
700 2860 761 2952 Jus
780 2854 1016 2940 Reformandi,
1041 2857 1191 2953 adeoque
1212 2854 1303 2928 suam
1323 2855 1438 2929 saltem
1460 2856 1669 2949 Religionem
1695 2850 1938 2928 universalibus

483 2950 610 3047 Imperii
635 2953 798 3042 Legibus,
826 2957 876 3026 uti
901 2951 1116 3049 supponitur,
1142 2953 1176 3025 dt
1199 2953 1306 3051 qualis
1322 2951 1458 3025 indubie
1483 2949 1529 3025 cll
1554 2950 1740 3034 Catholica,
1765 2973 1939 3050 receptam

483 3048 702 3122 introducendi
719 3072 874 3146 tanquam
893 3053 1060 3147 praecipua
1082 3049 1229 3143 ejusdem
1243 3074 1321 3146 pars
1337 3075 1375 3123 ex
1390 3051 1526 3145 antiqua
1538 3051 1680 3145 Imperii
1693 3050 1788 3119 Praxi
1801 3071 1864 3144 per
1877 3051 1939 3118 Pa·

482 3167 542 3215 rem
556 3144 756 3236 Religiosam
771 3144 902 3227 allcrra,
926 3171 962 3217 ac
978 3171 1040 3243 per
1055 3145 1276 3243 posteriorem
1292 3145 1548 3241 Wellphalicam
1567 3142 1698 3217 firmata
1714 3145 1876 3227 coheres,
1901 3143 1939 3220 dc

483 3237 551 3314 fitur
564 3242 708 3315 Staribus
724 3241 979 3314 Protcllanribus
999 3242 1283 3316 indiscriminatim
1298 3242 1479 3316 hodiedum
1498 3239 1665 3324 alleritur,
1690 3244 1736 3313 ita
1754 3242 1941 3314 Catholicis

485 3339 588 3434 equali
612 3365 689 3411 cum
713 3342 754 3410 iis
772 3341 848 3434 jure
867 3337 1055 3424 fruentibus¹
1074 3366 1141 3412 non
1164 3343 1229 3414 erit
1243 3339 1485 3437 denegandum.
1538 3341 1603 3411 Cui
1621 3335 1798 3432 auremjus
1814 3333 1939 3422 atfisth,

487 3433 574 3508 eiusu
587 3437 736 3533 ejusdem
756 3462 831 3508 cum
846 3434 1011 3529 gravisus
1027 3438 1240 3510 incommodo
1257 3461 1438 3534 propterea
1449 3433 1603 3510 interdici
1615 3430 1667 3508 fas
1682 3432 1827 3525 nonest,
1845 3435 1940 3530 quod

488 3531 528 3604 alii
548 3533 602 3606 sua
618 3557 657 3606 er
679 3534 804 3604 malitia
827 3537 954 3629 accepti
978 3535 1055 3606 inde
1081 3531 1240 3616 scandali,
1265 3557 1322 3607 aut
1344 3532 1580 3632 praevaricandi
1604 3552 1721 3606 contra
1737 3533 1884 3627 quietem
1902 3530 1940 3608 dt
2072 3555 2076 3562 '

488 3630 745 3727 tnnquillitatem
761 3654 910 3702 mutuam
924 3629 1125 3704 occasionem
1140 3629 1197 3702 fibi
1212 3630 1352 3704 sumant.
1403 3633 1495 3703 Alias
1511 3628 1601 3702 nulla
1619 3623 1773 3726 professo
1787 3632 1873 3710 Lex,
1897 3628 1939 3700 li·

487 3747 525 3797 cct
539 3727 580 3799 ad
594 3727 720 3800 bonum
744 3751 920 3801 commune
936 3730 1076 3800 maxime
1097 3729 1206 3811 utilis,
1230 3730 1300 3800 imo
1319 3723 1511 3810 necessaria,
1537 3731 1582 3800 ira
1603 3723 1686 3821 justa
1704 3727 1846 3796 inveniri
1870 3745 1940 3796 ami

487 3822 560 3914 plius
575 3822 697 3921 pollet,
723 3850 798 3896 cum
814 3826 902 3898 nulla
919 3820 990 3896 fere
1007 3819 1090 3896 ferri
1106 3848 1222 3920 queat,
1248 3850 1321 3920 quae
1343 3850 1411 3895 non
1426 3823 1591 3920 aliquibus
1611 3825 1712 3895 etiam
1735 3819 1873 3896 subditis
1890 3824 1941 3894 iu·

486 3921 688 3993 commodum
706 3923 935 4018 qualecunque
951 3948 988 3992 cx
1011 3921 1177 3994 accidente
1196 3919 1337 4002 inferar,
1361 3924 1429 3992 imo
1445 3944 1572 4012 magnae
1589 3917 1773 3990 eorundem
1794 3920 1883 4015 parti
1902 3919 1939 3992 in

483 4019 711 4110 prevaricandi
727 4017 926 4091 oceahonem
946 4020 1176 4115 &periculum
1192 4015 1361 4116 saepilllmc
1381 4017 1510 4091 evadat.
1554 4015 1728 4110 Ejusmodi
1750 4039 1839 4087 certe
1864 4011 1940 4087 sunt

483 4115 556 4185 titus
572 4115 622 4186 illi
637 4122 765 4190 externi
780 4117 948 4204 Religioni
964 4116 1141 4192 Catholicae
1156 4118 1299 4188 multum
1314 4116 1471 4200 connexi,
1496 4135 1553 4185 aut
1567 4111 1747 4186 admodum
1764 4110 1877 4183 saltem
1893 4106 1942 4180 fa·

480 4213 639 4292 utiliores,
664 4215 714 4282 uti
741 4210 979 4293 troceffiones,
1001 4211 1209 4285 Venerabilis
1225 4212 1277 4284 vel
1294 4215 1327 4282 iu
1346 4210 1470 4284 solenni
1490 4233 1634 4308 pompa,
1657 4209 1710 4283 vel
1732 4209 1773 4279 sd
1795 4228 1940 4298 aegrotos
2053 4243 2070 4272 ο

477 4307 613 4403 publicae
629 4309 895 4402 deportationcs,
919 4311 1100 4400 imaginum
1120 4307 1338 4404 expolitiones
1353 4308 1416 4380 dte.
1465 4313 1550 4404 Qae
1565 4331 1681 4382 omnes
1694 4326 1851 4397 tanquam
1868 4325 1942 4374 mu·

476 4425 513 4474 tae
526 4405 559 4476 dt
573 4408 714 4477 innoxie
729 4409 895 4478 neminem
909 4405 1043 4477 turbant
1063 4429 1119 4477 aut
1135 4406 1340 4502 impediunt,
1366 4407 1546 4502 quominus
1571 4403 1687 4500 templi
1703 4400 1835 4497 proprii
1854 4400 1942 4471 intra

476 4505 620 4598 parietes
635 4501 759 4598 absque
776 4503 828 4574 his
843 4501 932 4574 foras
951 4502 1024 4576 fieri
1039 4503 1141 4574 solitis
1157 4504 1259 4575 cultui
1272 4503 1338 4571 Dei
1354 4526 1417 4597 pro
1432 4498 1497 4572 suis
1509 4503 1629 4573 mentis
1643 4498 1726 4570 ideis
1739 4518 1854 4568 vacare
1864 4519 1946 4591 que·

476 4621 539 4671 tnc.
591 4601 659 4669 His
684 4596 707 4669 ti
733 4597 1011 4685 scandalizentur,
1037 4601 1095 4698 qui
1119 4599 1214 4675 alircr
1240 4596 1403 4696 sentiunt,
1426 4594 1618 4697 semetipsos
1638 4595 1752 4692 potius
1773 4592 1946 4669 livoris&

523 4691 654 4773 Tamus
677 4693 746 4776 W.
1275 4697 1338 4771 S’t
1848 4713 1948 4767 emu-
