4950 5567
428 593 501 679 oa
517 595 683 712 nrooo
707 595 909 676 norunt
934 597 993 677 ut
1017 600 1210 700 crusis,
1235 599 1294 682 ur
1311 605 1495 708 Qutous
1514 609 1712 698 srarus
1734 621 1801 702 ec.
1841 639 1924 735 ,ῃ
2029 583 2031 588 ’

425 733 495 855 ulla
511 782 560 853 via
576 775 760 864 inseratur3
785 802 885 875 atque
902 804 941 852 ut
954 781 1053 876 liujus
1069 780 1216 876 luffragii
1234 788 1319 859 ratio
1338 786 1465 879 legibus
1481 792 1525 862 im
1554 800 1614 869 erii
1629 800 1844 880 consentanea
1859 791 1920 884 ltess

367 909 372 916 ·
422 879 551 953 beatur.
602 877 770 951 Omnibus
793 901 906 949 eutem
923 876 1010 951 hisce
1032 879 1130 950 liberi
1152 880 1302 976 suffragii
1330 817 1591 981 proprietatilus
1638 901 1810 976 retensum
1827 908 1912 983 illud

417 979 455 1051 in
469 1003 555 1049 eoetu
571 973 828 1058 Protestantium
847 976 1014 1072 majorum
1031 973 1267 1072 suffragiorum
1283 983 1336 1076 jus
1354 985 1404 1055 vel
1426 991 1568 1060 maxime
1583 919 1748 1067 adversari
1770 1003 1803 1072 in
1819 1009 1911 1101 apri.

359 1153 361 1162 ,
417 1099 460 1150 eo
477 1073 522 1146 est
584 1080 677 1144 Voto
693 1077 841 1169 quippe,
866 1096 905 1144 ut
918 1097 1054 1155 vocant,
1079 1081 1250 1148 communi
1270 1083 1303 1148 in
1325 1076 1540 1155 conserentiia
1554 1091 1907 1198 prelimineribuspet·

358 1179 362 1194 '
417 1173 547 1269 majora
562 1168 662 1243 semel
677 1170 833 1256 decreto,
859 1171 1072 1267 paucioribus
1096 1169 1357 1247 dissentientibus
1372 1176 1506 1250 libertas
1530 1183 1689 1281 loquendi
1705 1193 1751 1262 ita
1769 1189 1911 1272 suffoce-

358 1283 363 1292 '
403 1295 452 1344 'ta
465 1267 630 1353 noscitur,
652 1292 689 1339 ut
705 1269 822 1339 iisdem
834 1271 866 1338 in
881 1267 1044 1340 consuetis
1058 1269 1163 1342 tribus
1178 1276 1394 1344 comitiorum
1412 1279 1536 1360 curiis,
1563 1307 1636 1377 quae
1651 1306 1760 1358 tamen
1777 1290 1909 1370 edicen-

417 1369 470 1442 dis
486 1366 590 1440 libere
611 1372 799 1437 animorum
815 1364 910 1436 senfis
930 1367 962 1438 ἃ
980 1362 1126 1438 ferendis
1149 1366 1315 1462 suffragiis
1333 1371 1447 1442 liberis
1470 1378 1702 1474 principaliter
1722 1381 1797 1457 sunt
1811 1381 1908 1464 delli·
2019 1371 2042 1398 ⁰

358 1445 369 1494 ³
417 1490 523 1546 natae,
550 1490 588 1537 ex
602 1490 680 1537 vera
695 1466 797 1534 animi
808 1461 968 1535 sententia
984 1461 1078 1535 suum
1094 1464 1290 1558 suffragium
1307 1468 1438 1540 edicere
1453 1470 1541 1542 ltaud
1559 1476 1701 1572 amplius
1716 1480 1831 1568 liceat,
1849 1485 1906 1563 sed

415 1560 609 1660 obseqiriose
626 1561 755 1633 tacendi
779 1561 810 1632 dt
830 1584 907 1632 voto
926 1563 974 1631 illi
992 1568 1160 1635 communi
1181 1588 1374 1635 reverenter
1392 1566 1424 1637 le
1444 1566 1677 1656 stihmittendi,
1702 1602 1802 1676 arque
1819 1585 1905 1660 adeo

358 1669 365 1694 ⁸
414 1664 529 1736 invitia
547 1662 646 1731 etiarn
663 1663 696 1730 in
717 1658 818 1731 rerba
833 1658 969 1753 majoris
990 1662 1095 1754 partis
1116 1662 1206 1732 velut
1223 1661 1358 1754 jurandi
1378 1661 1544 1736 necelliras
1563 1671 1766 1766 imponetur.
1817 1683 1905 1781 Qria

374 1753 378 1758 ’
413 1781 527 1833 autem
542 1760 586 1829 ita
600 1761 667 1828 rim
694 1780 829 1826 omnem
852 1757 957 1826 etiam
976 1754 1174 1828 indireslam
1196 1754 1302 1830 abesse
1325 1760 1520 1843 contendet,
1546 1766 1626 1836 dum
1643 1794 1711 1840 non
1725 1797 1789 1868 per
1802 1785 1904 1854 ratio·

358 1881 363 1924 t
413 1880 474 1929 nes
492 1879 663 1927 moventes
680 1854 713 1926 dt
729 1876 874 1924 mentem
899 1854 1110 1936 inclinantes,
1137 1853 1192 1926 sed
1208 1879 1270 1951 per
1285 1858 1430 1927 rationes
1451 1859 1617 1953 majorum
1637 1866 1823 1960 obligantes
1834 1899 1904 1950 ma·

411 1954 550 2051 gislerio
564 1952 775 2050 quorundam
790 1955 965 2047 pauciores
979 1951 1027 2022 illi
1041 1976 1141 2047 caput
1155 1953 1333 2037 inclinare,
1358 1954 1510 2050 nihilque
1523 1956 1585 2031 nist
1606 1986 1733 2037 meram
1750 1967 1904 2068 obsequii

413 2053 559 2146 gloriam
582 2046 735 2147 profiteri
757 2069 922 2121 tenentur.
975 2058 1086 2144 Atque
1105 2050 1169 2122 hoe
1194 2047 1290 2146 ipso,
1323 2051 1530 2146 quodrigor
1551 2053 1699 2154 sulsragii
1723 2069 1902 2152 comitialis
1967 2121 1969 2128 ·

409 2174 492 2224 we
508 2147 603 2218 tiberi
620 2173 686 2219 non
701 2146 797 2226 alibi,
824 2171 923 2240 quam
945 2149 978 2216 io
997 2172 1059 2228 eo,
1085 2146 1176 2241 quod
1198 2150 1303 2217 cuivis
1318 2149 1486 2221 Ordinum
1511 2159 1689 2250 proprium
1714 2159 1776 2242 esl,
1802 2166 1903 2241 colle·

409 2251 470 2344 gio
486 2269 621 2318 exerere
637 2243 669 2315 se
685 2239 781 2342 polst
796 2267 832 2313 ac
849 2243 986 2324 debean
1012 2267 1117 2340 porro
1131 2240 1381 2315 conseclaneum
1398 2244 1460 2317 esse
1475 2273 1632 2345 apparet,
1658 2260 1748 2350 quod
1766 2262 1806 2330 ad
1823 2262 1899 2350 hoe,

404 2335 449 2422 'm
464 2344 574 2416 debita
591 2341 764 2431 &legibus
781 2337 1042 2437 correspondens
1062 2339 1212 2436 ejusdem
1228 2344 1313 2411 ratio
1331 2340 1508 2425 habeatur,
1533 2370 1569 2417 ae
1585 2354 1728 2444 proinde
1743 2381 1783 2426 ne
1799 2383 1903 2454 pror·

406 2440 463 2516 sus
477 2445 574 2513 imme
588 2439 767 2521 reddatur,
793 2440 952 2535 omnique
967 2435 1090 2510 effeslu
1107 2435 1322 2522 destituatur,
1348 2437 1657 2538 idemquoquenon
1673 2451 1769 2535 alibi,
1793 2481 1896 2551 quant
1988 2483 2000 2504 ·

406 2544 445 2617 in
465 2539 584 2612 eodem
604 2537 777 2610 ordinatio
799 2532 910 2608 senatu
935 2537 1112 2634 explicari,
1139 2537 1329 2619 numerari,
1355 2560 1411 2608 aur
1428 2539 1464 2608 in
1484 2537 1673 2631 legitimum
1695 2569 1895 2646 computum

406 2662 511 2736 queat
532 2633 673 2712 assumit
707 2661 743 2706 ac
766 2635 908 2731 proinde
932 2633 1015 2705 illud
1039 2639 1072 2704 in
1096 2630 1461 2731 praeconsulrationibus
1491 2641 1810 2735 extracollcgialibus
1830 2675 1896 2747 per

404 2732 599 2811 conclusum
622 2729 800 2804 secundum
819 2731 945 2826 majora
967 2728 1149 2803 formatum
1172 2752 1399 2813 antevertere,
1427 2732 1460 2804 dt
1482 2736 1514 2803 in
1533 2736 1704 2813 ordinario
1725 2741 1838 2817 senatu
1856 2750 1895 2819 il·

405 2834 468 2909 lud
489 2827 626 2928 prossus
649 2833 840 2925 pfaeferire,
869 2829 1025 2922 legirimae
1041 2826 1190 2921 suffragii
1212 2828 1389 2899 comitialia
1405 2833 1523 2903 rationi
1544 2858 1610 2905 non
1632 2835 1727 2930 poffit
1744 2866 1808 2912 non
1831 2843 1896 2923 esse

403 2931 536 3006 summe
549 2926 736 3000 advertunt,
785 2927 916 3023 Qribus
932 2951 996 2997 rtte
1019 2925 1187 3022 perpensis
1208 2926 1337 3022 oppido
1355 2926 1480 3021 liquet,
1508 2953 1571 3024 per
1585 2934 1838 3011 immoderatam
1852 2941 1893 3014 il·

402 3025 494 3109 lgm,
520 3049 619 3123 qnam
635 3023 775 3118 jaslsnt,
800 3029 832 3095 in
850 3049 958 3121 partes
978 3024 1077 3095 eundi
1094 3026 1261 3093 licentiam
1285 3047 1350 3092 non
1372 3028 1459 3119 parti
1479 3048 1605 3099 tantum
1631 3032 1750 3125 majori
1769 3040 1892 3112 camo·

402 3129 569 3204 licor-um,
593 3119 647 3193 sed
664 3124 696 3193 dt
713 3121 807 3218 ipss,
835 3126 890 3218 qui
915 3121 1067 3220 pluribus
1088 3121 1136 3191 sui
1154 3144 1256 3190 cretus
1278 3117 1469 3216 adllipulari
1486 3147 1651 3215 renuunt,
1678 3140 1719 3202 Α.
1737 3136 1774 3202 C.
1792 3135 1894 3208 Stati·

401 3221 602 3314 businfigne
616 3218 730 3291 offerri
747 3220 997 3316 praejudicium,
1022 3222 1091 3289 imo
1106 3215 1139 3288 dt
1155 3241 1308 3297 omnem,
1334 3222 1391 3312 ‘lul
1408 3222 1440 3288 5¹¹
1456 3224 1600 3293 ⁰⁰¹⁰lsil⁸
1617 3228 1723 3317 viget,
1750 3254 1786 3299 ²¹⁰
1801 3236 1893 3326 lige·

388 3321 577 3422 'redebeo
600 3316 724 3414 jullum
740 3318 893 3391 ordinem
910 3316 1076 3400 subverti,
1102 3338 1283 3412 veramque
1296 3318 1447 3388 Statuam
1464 3316 1651 3416 libertatem
1664 3330 1828 3401 enervari.

1014 3521 1043 3604 t
1093 3508 1300 3584 xxuur

424 3647 443 3664 “
520 3644 687 3742 Equidem
709 3649 760 3737 (ut
776 3643 817 3717 ad
839 3666 1033 3737 argumente
1051 3645 1220 3742 Anonymi
1245 3640 1347 3714 nostri
1366 3645 1532 3736 revertar)
1552 3646 1765 3722 contenditis
1782 3653 1839 3747 a),
1864 3649 1889 3730 li

399 3741 524 3820 summi
541 3742 741 3841 paciscentes
758 3725 926 3816 una'nimia
938 3767 976 3813 ex
991 3765 1237 3838 utraqueparte
1252 3742 1290 3813 ad
1306 3743 1488 3834 legitimam
1506 3747 1539 3814 in
1553 3769 1664 3842 partes
1680 3748 1818 3821 itionem
1832 3751 1890 3824 de·

399 3839 642 3928 siderarilsent,
670 3842 820 3914 rotulam
836 3840 943 3912 illam:
972 3843 1135 3922 Omnibus,
1154 3865 1215 3912 ceu
1229 3841 1380 3911 omnium
1391 3839 1452 3911 hac
1462 3841 1503 3911 de
1516 3839 1694 3936 quallione
1710 3845 1818 3936 lirium
1833 3849 1889 3922 de·

399 3937 533 4014 cilivam
550 3937 727 4012 necessario
739 3935 834 4012 fuisse
847 3936 1041 4007 addendum.
1078 3944 1123 4008 At
1140 3940 1228 4008 enim
1243 3961 1465 4032 preterquam
1483 3939 1573 4032 quod
1592 3940 1694 4012 hocce
1707 3967 1888 4035 ergumcn·

400 4042 546 4132 tigerius
561 4061 598 4108 er
613 4038 669 4108 illa
687 4037 728 4109 de
744 4034 873 4107 duobus
890 4037 922 4104 in
943 4032 1087 4128 imperio
1106 4036 1306 4129 corporibus
1332 4031 1508 4129 hypothesi
1528 4034 1596 4128 jam
1614 4037 1711 4132 lupra
1735 4037 1891 4114 consurai

397 4160 434 4209 ra
452 4133 595 4231 speciem
610 4132 700 4205 suam
726 4157 914 4211 mutuetur,
943 4133 1090 4224 propriis
1108 4128 1140 4203 se
1162 4129 1270 4228 ipsum
1291 4140 1488 4226 Anonymus
1508 4133 1638 4223 jugulat
1661 4142 1778 4216 armis,
1803 4139 1884 4211 dnm

395 4230 471 4327 ipse
486 4227 656 4304 fundatam
673 4257 737 4329 pro
751 4230 866 4321 regula
879 4230 1045 4324 majorum
1062 4231 1280 4301 intentionem
1296 4236 1457 4299 acerrime
1474 4251 1675 4325 propugnet.
1735 4235 1769 4303 Si
1793 4240 1884 4318 enim

393 4333 509 4404 omnis
523 4331 675 4425 exceptio
690 4353 707 4399 a
722 4328 835 4422 regulo
852 4349 1007 4424 tanquam
1022 4325 1136 4399 odiosa
1149 4375 1166 4407 ,-
1179 4351 1216 4396 ac
1234 4330 1333 4420 proin
1357 4322 1601 4418 restringenda,
1633 4352 1699 4397 non
1722 4333 1885 4426 ampliani

355 4477 374 4486 —-
394 4430 440 4504 da
455 4424 644 4512 censeatur,
671 4449 762 4500 certe
775 4429 875 4499 etiem
891 4427 1041 4522 exceptio
1058 4449 1074 4496 a
1090 4424 1204 4518 regula
1225 4423 1356 4517 dejure
1378 4422 1545 4519 majorum
1567 4428 1701 4520 imperii
1729 4430 1802 4599 teliba
1826 4431 1884 4501 ha·

1181 4525 1275 4595 Cea
1300 4544 1349 4594 ce
1378 4546 1395 4612 3
1801 4530 1884 4601 enda

439 4696 474 4767 n)
495 4691 521 4774 q.
536 4710 586 4776 24.
609 4687 682 4760 Vid.
697 4688 783 4777 sopra
800 4686 824 4774 l.
837 4683 896 4758 Κ.
