4950 5567
395 559 399 572 '
449 587 455 596 ·
497 611 569 692 ,42
615 573 913 664 vinoleam
940 567 1233 710 sacrorum
1256 567 1905 656 urrom.1ruconr.corrnr.

496 764 605 840 tillimi
621 765 700 836 olias
713 760 795 840 viri,
821 781 921 854 quem
936 755 1099 851 aequitatis
1113 779 1180 825 non
1199 755 1330 840 minus,
1365 777 1465 850 quam
1488 755 1594 826 comis
1614 773 1739 826 muruae
1767 755 1859 828 inter
1886 757 1976 832 Cives
2005 647 2010 753 1

495 863 766 941 cohabitationis,
799 855 917 926 debitae
940 877 1021 944 vero
1041 875 1120 944 erga
1141 855 1331 949 Principem
1352 854 1547 927 reverentie
1569 873 1756 936 amantem,
1780 877 1877 930 extra
1903 853 1981 934 effe-t

496 958 571 1034 slus
584 955 714 1033 infimul
728 951 899 1028 malevole
919 951 1051 1026 invidiae
1076 947 1221 1047 possum
1238 953 1410 1052 suppono,
1435 973 1523 1026 ame
1542 946 1715 1024 tribuitur.
1992 759 2010 1159 ⁴

1126 1151 1163 1236 §.
1210 1143 1338 1223 Vlls.

351 1274 402 1338 ’Μ
415 1271 457 1338 ῙῙ·
610 1283 665 1356 Ad
681 1280 909 1355 simultaneum
923 1281 1079 1353 innoxiam
1096 1279 1255 1362 devenio,
1281 1276 1373 1376 quod
1390 1273 1528 1376 scopum
1545 1273 1714 1350 industrie
1727 1301 1832 1363 meae,
1853 1267 1978 1356 sicursr·

350 1356 394 1434 ¹l·
409 1357 439 1422 ⁶·
449 1377 480 1440 7·
496 1377 757 1479 impugnationis
778 1373 1004 1452 Strubenianae
1028 1381 1240 1476 praecipuum
1262 1373 1443 1464 constituit.
1496 1378 1583 1445 Cum
1607 1379 1967 1452 tesserarium

362 1449 392 1512 8⁸
495 1480 578 1552 illud
625 1503 661 1574 cr
682 1475 859 1549 Paslorum
880 1471 1138 1548 Hildestenfium
1159 1472 1410 1566 abrogationem
1430 1474 1464 1543 in
1480 1472 1563 1544 Pace
1585 1469 1833 1566 Osnobrugcnli
1850 1473 1967 1554 conclu

492 1575 560 1650 sam
581 1504 787 1647 eliminatum
802 1597 841 1646 ex
856 1574 1007 1667 Imperio
1021 1571 1176 1645 universo
1192 1569 1350 1644 sustinere
1364 1568 1483 1649 vellet,
1499 1590 1564 1660 ego
1578 1591 1644 1662 pro
1662 1567 1735 1664 ejus
1754 1567 1891 1670 posthac
1904 1593 1969 1670 per·

492 1669 578 1748 milli
600 1671 768 1766 legalitate
789 1695 827 1744 ex
846 1667 1147 1758 iisdem-luculento
1160 1663 1358 1786 ¹deprompsi
1379 1667 1587 1761 argumenti.

530 1853 536 1862 -
597 1802 815 1882 Proiectum
835 1799 972 1896 quidem
989 1823 1028 1873 er
1044 1825 1163 1874 eorum
1186 1797 1397 1880 confcslione
1415 1799 1449 1871 cir
1472 1781 1589 1869 tenore
1605 1795 1641 1867 in
1661 1799 1711 1888 §§.
1729 1818 1859 1874 xxvi.
1876 1753 1976 1896 arsque¹

493 1920 628 1974 xxvrr
643 1923 667 1973 r.
690 1897 863 1980 inclustve,
889 1898 1032 1970 alterurn
1052 1923 1133 1972 veto
1148 1925 1186 1972 er
1206 1923 1344 1980 eorum,
1371 1897 1541 1992 precipue
1556 1897 1603 1966 ita
1617 1891 1700 1968 diui
1712 1893 1968 1992 RcreffesBruusq

493 1993 812 2073 uico-Hildesrenfis
826 1998 1019 2067 abolitiones
1039 1991 1071 2092 b.
1090 2017 1215 2071 xxxx.
1236 1994 1441 2093 &deinceps
1457 1987 1635 2104 desumpfi.

1160 2203 1313 2294 §.lx
1423 2223 1426 2230 '

539 2293 558 2392 ζ’
610 2337 888 2434 Priusopprgnst
902 2333 1271 2410 metuerimus
1292 2333 1326 2436 b.
1344 2331 1509 2429 ἁφὰς.
1524 2299 1875 2432 perperamomnino:
1889 2337 1968 2436 quas

498 2457 559 2507 une
573 2459 610 2504 ex
625 2455 711 2527 parre
727 2457 746 2503 a
760 2457 814 2547 me
830 2455 986 2547 tanquam
1001 2456 1129 2506 eertum
1147 2434 1182 2505 sir
1194 2435 1418 2549 inrlubitarunr
1434 2433 1769 2547 praesupponererur,
1801 2438 1893 2532 quod
1911 2435 1974 2533 ipse

363 2613 372 2624 ·
499 2531 891 2796 irDihrdr{,
901 2529 1972 2794 ltlssblsffilsgslstsslllssis‘bl:‘slsis

501 2750 581 2800 nea
629 2749 744 2798 ummo
787 2745 961 2804 renuenti
985 2745 1037 2796 us.

612 2863 728 2930 Altera
742 2883 781 2927 ex
792 2875 878 2950 prere
893 2877 932 2924 ex
947 2847 1053 2948 pallis
1068 2850 1264 2946 specialibus
1274 2879 1351 2928 =noo
1366 2851 1458 2954 polle
1473 2853 1657 2950 colligiJus
1670 2875 1869 2928 communes
1889 2823 1973 2929 Alite

499 2953 618 3025 eodem
633 2949 885 3042 argumentandi
899 2973 1020 3038 genere
1035 2947 1124 3046 posse
1139 2958 1331 3048 retorqueri
1346 2959 1386 3024 in·
1397 2952 1606 3052 Catholicos,
1628 2951 1738 3045 quod,
1762 2977 1840 3026 eum
1857 2955 1982 3025 Priori·

496 3103 498 3108 .
528 3075 562 3120 es
579 3047 780 3144 &Episcopi
803 3042 1023 3117 Hildelienses
1039 3048 1115 3144 plus
1130 3049 1335 3141 indulgendo
1350 3076 1414 3149 per
1426 3047 1524 3122 Parin
1542 3045 1698 3130 subditis,
1735 3072 1837 3143 quam
1859 3051 1986 3130 Cathea-

499 3075 642 3216 ficorum
660 3145 816 3215 l'enrcntis
832 3167 903 3215 tum
921 3148 1084 3240 temporis
1101 3146 1240 3218 viPscis
1257 3150 1364 3241 Relig.
1380 3145 1483 3219 tribui
1498 3146 1618 3226 vellet,
1647 3169 1687 3216 eo
1705 3144 1776 3239 ipso
1794 3147 1973 3219 Proreslao·

501 3245 586 3313 tium
598 3237 988 3412 pplincipiafprciscendo
1008 3241 1245 3354 approbarint,
1279 3243 1482 3342 &Legibus
1500 3244 1643 3340 Imperii
1662 3241 1827 3340 publicis,
1866 3249 1976 3322 Facile

500 3361 581 3414 mox
622 3365 632 3410 ι
668 3361 768 3415 aecon
787 3361 893 3415 ormre
910 3361 1117 3435 agnoverrnr.
1378 3361 1385 3370 ·

1176 3511 1211 3614 t.
1260 3510 1306 3586 x.

387 3687 392 3724 ,
534 3669 537 3676 ·
620 3642 721 3711 Priori
745 3645 826 3734 parri
846 3640 1103 3740 Respondetutt
1130 3651 1262 3738 Argute
1278 3642 1446 3740 imprimis
1460 3643 1983 3720 hicaD.STRvnEu10De·'

504 3731 719 3809 elocutionem
741 3739 1012 3811 Ferdinandream
1037 3767 1113 3814 cum
1135 3747 1218 3815 Pace
1238 3742 1346 3834 Relig.
1363 3738 1493 3811 misceri
1519 3765 1618 3834 atque
1641 3735 1820 3824 confundi,
1846 3765 1922 3834 quse
1939 3767 1984 3815 ra·

376 3898 381 3908 .
506 3855 584 3903 men
599 3835 686 3906 inter
702 3833 733 3906 se
749 3833 821 3907 sunt
839 3835 1058 3910 diversrlsrma.
1109 3845 1202 3911 Nam
1227 3840 1319 3938 quod
1342 3841 1424 3908 Pace
1441 3838 1549 3928 Relig.
1567 3838 1765 3928 denegatum
1787 3835 1855 3911 fuit
1876 3839 1987 3912 subdis

507 3929 567 4010 ris,
590 3925 744 4002 securitas
760 3933 913 4004 videlicet
929 3934 969 4005 ab
986 3938 1203 4028 emigratione
1220 3930 1396 4008 necessaris
1411 3933 1444 4004 δι
1460 3955 1623 4027 perpetua
1647 3932 1839 4029 perfistendi
1862 3939 1900 4008 in
1923 3961 1987 4009 ter·

507 4026 630 4098 ritorio
645 4031 839 4125 patriosque
858 4057 959 4126 penes
974 4037 1093 4115 Lares,
1120 4058 1253 4127 unaque
1276 4031 1431 4104 exercitio
1445 4029 1630 4120 Religionis
1653 4027 1716 4100 suae
1733 4025 1985 4128 impettfirbate

508 4117 706 4215 perfruendi
731 4125 893 4217 libertus,
926 4129 960 4199 id
988 4126 1140 4214 obtrusa,
1175 4128 1264 4203 unde
1290 4123 1451 4207 nescitur,
1482 4125 1716 4197 Declaratione
1740 4130 1985 4202 Ferdinsndaea

509 4219 629 4291 iisdem
653 4219 802 4292 obtinere
824 4223 1026 4296 conabamur
1049 4231 1158 4297 Status
1180 4229 1203 4295 ii
1219 4221 1460 4304 Protellantes,
1489 4225 1548 4318 qui
1568 4227 1640 4292 XX.
1666 4219 1739 4316 post
1762 4228 1906 4298 eandem
1930 4230 1989 4297 l'a·

508 4341 582 4388 cem
602 4317 671 4410 jartr
695 4319 879 4388 conclusam
902 4326 993 4392 annis
1017 4323 1118 4394 modo
1143 4323 1233 4394 illam
1256 4343 1507 4418 protraxerunt,
1537 4319 1619 4388 &in
1636 4322 1704 4388 vim
1726 4326 1825 4412 Legis
1843 4327 1988 4421 imperii

398 4419 402 4428 '
510 4411 659 4504 agnosci,
683 4438 740 4486 aur
753 4414 865 4486 saltem
888 4419 1126 4513 capitulationi
1143 4416 1297 4492 Caesareae
1312 4415 1431 4500 inseri,
1457 4419 1570 4514 iraque
1586 4440 1674 4489 novo
1697 4419 1786 4514 quali
1807 4419 1915 4494 Pareo
1932 4417 1991 4493 sir·

509 4514 596 4586 mari
611 4509 748 4586 summis
763 4514 931 4610 unirisquc
944 4514 1070 4587 viribus
1086 4517 1340 4593 contenderunt·

1866 4653 1990 4728 Multo
