4950 5567
603 601 673 676 208
738 509 1207 684 btsseutattotur.
1233 580 1394 660 suunt.
1423 577 1735 660 ecetesiam.
1757 583 1957 666 tuamet

606 766 678 850 dtr,
702 767 777 864 plus
792 761 927 840 voluisse
942 762 1131 837 Cathollcos
1145 761 1345 844 concedere,
1393 785 1468 833 uam
1484 785 1598 859 petere
1618 762 1749 860 ipsimet
1763 769 1859 840 Sueci
1879 769 2086 865 etquejPrn-

606 861 1016 938 tellantesaufifuerunt?
1063 871 1133 934 Aut
1149 863 1224 957 quis
1239 857 1295 930 sibi
1312 784 1512 955 periuadere
1529 868 1672 955 poterit,
1708 864 1886 936 meliorem
1905 867 1994 938 adeo
2013 891 2085 940 eon·

606 961 769 1034 ditionem
785 961 1016 1058 oppignoratis
1032 983 1088 1032 eos
1107 953 1242 1040 voluisse
1257 957 1428 1038 addicere,
1455 982 1556 1054 quam
1573 960 1672 1030 aliis?
1728 959 1800 1032 Ubi
1821 985 1934 1035 tamen
1957 988 2024 1036 unp
2046 989 2084 1038 εχ

603 1082 701 1160 parte
718 1084 777 1154 pat
794 1081 1015 1152 utrorumque
1027 1057 1174 1140 conditio
1190 1052 1408 1148 supponitur,
1432 1077 1471 1124 ex
1486 1055 1589 1130 altera
1603 1077 1685 1128 veto
1707 1075 1805 1152 patre
1826 1084 1928 1157 quam
1943 1065 2084 1134 maxime

605 1159 744 1230 tationis
764 1155 932 1230 diterfitas
947 1153 1140 1226 ostenditur.
1186 1153 1320 1246 Reliqui
1342 1147 1416 1220 sane
1440 1147 1566 1226 subditi.
1585 1148 1644 1224 sub
1666 1158 1809 1249 proprio
1831 1158 1986 1228 Domino
2012 1181 2083 1256 per·

554 1255 556 1262 ’
602 1274 709 1348 petuo
725 1251 860 1336 versati,
886 1255 964 1349 qui¹
990 1248 1180 1346 possesione
1193 1253 1281 1320 Auni
1299 1253 1427 1322 Notm.
1441 1247 1607 1330 dellituti,
1632 1251 1734 1324 modo
1748 1251 1860 1348 polles
1872 1253 2081 1348 Religionem

603 1346 695 1422 suam
712 1352 872 1446 amplexi,
898 1372 954 1420 sut
967 1349 1037 1443 ejus
1053 1349 1165 1420 laltem
1183 1347 1376 1418 exercitium
1398 1341 1484 1415 nelli
1504 1343 1596 1428 sunt,
1632 1370 1694 1420 nec
1716 1347 1994 1434 transafilionem,
2025 1375 2103 1440 nee..

603 1449 796 1522 exercitium
809 1448 862 1518 vel
877 1449 1045 1543 privanun
1069 1443 1291 1540 pretendere,
1319 1445 1388 1513 imo
1406 1465 1468 1530 nec
1480 1441 1656 1514 tolerantia
1677 1443 1851 1519 necessaria
1868 1447 1902 1518 or
1919 1471 2081 1546 perpetue

602 1543 750 1638 gaudere
766 1542 917 1638 poliunt,
941 1540 995 1614 sed
1011 1543 1239 1633 emigrationis
1254 1535 1351 1634 jussui
1368 1563 1406 1609 ac
1425 1536 1601 1611 neceffitati
1618 1543 1750 1635 penitus
1768 1541 1842 1616 lunt
1856 1540 1981 1618 relitii.
2016 1549 2080 1620 Cur

602 1663 704 1731 ergo,
731 1643 788 1736 qui
812 1639 870 1712 sub
885 1641 993 1711 alieno
1014 1641 1133 1710 versati
1158 1634 1306 1716 fuerertt,
1338 1635 1426 1706 ultra
1449 1643 1639 1708 eommunia
1663 1641 1899 1731 emigrandum
1924 1641 2080 1716 benefici.

601 1737 766 1832 majorem
783 1734 933 1810 favorem
950 1738 1150 1831 participat-e
1165 1731 1331 1808 debeant?
1386 1735 1484 1804 Habe
1506 1731 1661 1806 videlicet
1683 1737 1997 1831 interpretationem
2018 1763 2082 1812 atn-

601 1833 781 1929 plitudinis
800 1835 978 1908 tet-borum
995 1827 1229 1912 rellriilivam‚
1253 1823 1584 1925 l‘peilttaTlteoria,
1609 1853 1723 1912 mens,
1749 1835 1890 1905 intentio
1913 1859 1951 1908 ac
1965 1831 2079 1934 scopus

602 1927 858 2016 Paciscentium,
886 1925 1158 2002 &anteaflorum
1179 1925 1392 2000 concordatio
1413 1921 1453 1994 ab
1474 1923 1623 2021 ipfismes
1650 1925 1854 2000 Doilotibus
1870 1929 2080 2006 Protellanti·

600 2023 665 2106 bus
680 2030 790 2123 agnita
803 2035 836 2125 i)
853 2026 1031 2104 secundum
1045 2027 1189 2114 rationes
1204 2025 1326 2122 legales
1345 2021 1378 2094 cit
1396 2022 1490 2121 Juris
1501 2019 1628 2124 publici
1638 2026 1788 2122 rigorem
1802 2029 1903 2123 exigit
1917 2031 1965 2124 c).
2014 2033 2080 2146 nn:

1639 2169 1642 2176 ·
2000 2151 2080 2200 mant

719 2294 795 2357 ratis
808 2292 900 2356 tetris
911 2289 1208 2367 accommodabant,
1229 2289 1381 2374 simulque
1394 2291 1432 2356 td
1446 2309 1561 2360 annum
1575 2293 1787 2360 decretorium
1800 2291 2022 2379 postulatusne
2035 2295 2079 2366 di·

718 2375 797 2439 sette
813 2375 1046 2458 restringebant.

645 2492 679 2576 b)
702 2491 749 2556 lta
764 2495 986 2578 interpretatur
999 2489 1059 2552 He
1069 2511 1090 2554 n
1101 2509 1124 2553 rt
1134 2511 1150 2552 r
1161 2508 1213 2554 nra
1225 2508 1241 2554 s
1251 2510 1267 2554 1
1277 2509 1325 2554 us
1342 2492 1374 2554 in
1389 2488 1472 2557 Med.
1487 2491 1524 2555 sd
1540 2489 1613 2558 Insr.
1628 2491 1661 2559 P.
1675 2491 1745 2558 Art.
1764 2491 1805 2564 V.
1829 2495 1859 2578 ς.
1878 2477 2078 2566 κκνιῐ.·ῐιίί

717 2575 768 2640 bb.
782 2595 852 2659 pag.
872 2594 943 2658 334.
958 2573 1086 2636 ubisit:

775 2695 865 2766 „Lex
877 2694 909 2757 in
923 2691 1046 2754 verbis:
1073 2687 1184 2758 Sanni,
1208 2704 1298 2766 quam
1314 2683 1370 2764 stab
1385 2688 1488 2767 priori
1497 2682 1650 2772 poffeffore
1664 2687 1839 2774 hujusmodi
1851 2697 2009 2758 terrarum
2027 2711 2079 2778 pp-

717 2779 977 2927 ,ppipnoroturam
999 2772 1133 2910 amplexi
1144 2765 1291 2846 suerunt.
1322 2769 1513 2909 reliptionem,
1543 2768 1674 2848 deserere
1695 2791 1755 2832 non
1775 2781 1943 2851 cogantur,
1964 2776 2080 2838 indicat

717 2895 728 2926 2

766 2852 878 2914 abuill'e
892 2855 1001 2930 utique
1016 2849 1047 2908 su
1071 2849 1156 2908 ditos
1173 2849 1268 2906 Anno
1282 2847 1370 2908 illic
1403 2847 1492 2913 XlV.
1510 2853 1669 2932 publicum
1689 2854 1875 2914 exercitium
1889 2853 2078 2936 Religionis

716 2953 832 3012 „quam
850 2932 987 3012 amplexi
1001 2928 1125 2990 fuerant
1139 2928 1190 2988 sub
1204 2931 1300 3008 priori
1313 2927 1497 3008 posteriore.
1520 2949 1682 3011 querquea
1700 2931 1866 3012 Religione
1881 2934 2013 3002 Domini
2030 2956 2077 3000 te·

717 3015 856 3084 „luentis
870 3013 912 3074 est
926 3007 1036 3074 aliena.
1075 3009 1404 3083 Quemadmodumert
1422 3013 1554 3072 adverso
1573 3014 1668 3074 uerba
1685 3013 1781 3093 legis:
1807 3013 1946 3078 Domino
1983 3017 2079 3080 uide!

717 3094 849 3168 ,aiecii-io
864 3093 990 3155 liberum
1004 3085 1058 3172 effe
1070 3092 1167 3160 dehet,
1187 3093 1220 3152 in
1233 3091 1408 3174 hujusmosi
1420 3101 1520 3154 imas
1535 3095 1756 3174 oppignoratae
1765 3097 1806 3155 aa
1813 3094 1851 3176 se
1866 3037 2006 3182 reversas
2012 3095 2079 3178 sue

716 3175 911 3256 „Religionis
928 3177 1105 3237 exercitium
1143 3173 1448 3243 urticeintrndurm.
1474 3171 1642 3236 oflendunt
1658 3174 1742 3238 illius
1756 3175 1933 3256 Religionis
1954 3181 2079 3251 exerciq

714 3258 820 3332 „tium
833 3275 891 3319 nec
904 3257 998 3318 Anno
1011 3254 1098 3316 tlbc
1133 3253 1220 3319 XIV.
1236 3271 1295 3316 nec
1307 3266 1452 3334 tempore
1467 3255 1624 3316 conclusae
1639 3255 1724 3320 Pacis
1739 3258 1781 3320 ibi
1795 3255 1893 3322 luisse.

766 3375 916 3456 Apertius
937 3374 976 3436 de
993 3371 1052 3433 hac
1069 3380 1275 3450 utrorumque
1289 3369 1589 3454 Compaciscentium
1612 3374 1788 3436 intentione
1806 3374 1978 3440 convitius
1997 3397 2076 3442 con·

717 3455 810 3518 sentit
823 3455 1006 3524 nobiscum,
1028 3451 1061 3512 δι
1079 3451 1268 3514 luculentius
1282 3463 1419 3514 mentem
1442 3451 1525 3514 suam
1544 3455 1768 3520 manifestati.
1786 3453 1820 3518 B.
1839 3475 1891 3518 ou
1915 3457 2075 3524 Zecuitt

712 3538 795 3600 llletl.
809 3537 848 3599 de
860 3535 932 3609 Jute
947 3535 1015 3598 Res.
1031 3531 1061 3594 P.
1075 3529 1117 3597 Il.
1133 3531 1207 3615 Cap.
1229 3531 1285 3596 ill.
1304 3536 1337 3614 ᾗ.
1350 3533 1385 3596 L.
1404 3552 1476 3616 pag.
1488 3534 1559 3600 262.

772 3657 901 3734 ..Atque
915 3655 958 3715 ita
971 3652 1089 3732 liquet,
1115 3653 1231 3710 vanum
1248 3647 1324 3722 else,
1346 3649 1439 3730 siquis
1456 3672 1526 3714 cum
1542 3651 1570 3716 D
1581 3674 1601 3717 n
1614 3673 1820 3716 cttrrenrto
1837 3654 1933 3716 etiam
1947 3654 2076 3719 illorum

712 3735 910 3818 „Religionis
931 3733 1087 3795 exercitio
1101 3729 1150 3791 hic
1164 3729 1297 3813 prospici
1318 3734 1484 3795 arbitratus
1503 3735 1617 3806 suerit,
1641 3737 1694 3815 qui
1717 3753 1906 3832 quocunque
1930 3746 2074 3818 tempore

711 3831 807 3895 „ante
821 3818 851 3879 P.
869 3815 921 3882 W.
936 3818 967 3878 in
981 3810 1167 3894 posl'elitone
1187 3815 1329 3883 l'uetant;
1351 3814 1426 3876 licet
1438 3835 1522 3875 anno
1536 3817 1714 3878 decretorio
1734 3837 1770 3876 ca
1788 3816 1887 3897 gavtli
1902 3815 1986 3876 lteud
2005 3817 2071 3881 lint.

711 3899 808 3971 ..Non
822 3900 906 3960 enim
918 3897 957 3960 de
972 3894 1170 3958 extendenda
1188 3893 1294 3972 tegula
1306 3895 1473 3956 universali
1487 3899 1656 3975 agebatur,
1680 3897 1728 3958 sed
1743 3899 1781 3958 de
1793 3917 1829 3958 ea
1842 3896 2075 3979 restringenda;

709 3981 814 4056 „Quis
833 3981 916 4042 enim
928 3977 1087 4046 crederet,
1110 3973 1245 4036 voluill'e
1266 3975 1403 4036 summos
1415 3975 1604 4057 paciscentes
1617 3998 1675 4038 ens
1689 3979 1817 4042 tolerati
1834 3977 1947 4040 debere
1968 3979 2075 4042 subdi·

710 4076 787 4136 „tos
800 4063 831 4123 in
842 4061 922 4122 locis
938 4060 1082 4139 pignoris
1096 4076 1181 4118 nexu
1198 4055 1326 4122 solutis.
1349 4058 1401 4136 qui
1423 4059 1519 4120 Anno
1532 4057 1742 4124 ltlttxxlv.
1757 4079 1816 4120 nec
1835 4061 1996 4137 privatum
2014 4079 2074 4122 nee

710 4142 891 4223 ‚publicum
912 4139 1088 4218 Religionis
1109 4137 1295 4199 exercitium
1313 4135 1504 4210 habuerunt,
1527 4158 1597 4200 cum
1618 4141 1745 4218 reliquis
1762 4139 1883 4200 nonniti
1898 4143 2073 4224 emigrandi

710 4223 937 4295 „beneficium
961 4219 1013 4280 vel
1049 4221 1168 4291 rivata,
1191 4227 1285 4297 atque
1298 4218 1464 4282 domestica
1479 4219 1615 4282 devotio
1630 4222 1666 4280 lit
1678 4220 1802 4295 relitia,
1825 4222 1877 4300 qui
1896 4225 1981 4284 nulla
1999 4224 2074 4286 anni

709 4317 819 4385 „parte
840 4300 1008 4366 ltbtxxl
1042 4347 1051 4364 .
1076 4300 1130 4364 vel
1156 4299 1316 4382 publicum
1338 4299 1571 4382 scriptitatum
1597 4299 1773 4382 Religionis
1801 4305 1993 4374 exercitium
2015 4305 2074 4366 ha-

709 4389 836 4461 „buere

637 4508 671 4592 c)
693 4502 790 4568 secus
804 4503 942 4564 rationes
958 4498 1097 4580 politicae
1113 4500 1296 4582 plerumque
1310 4499 1452 4574 suadent,
1469 4519 1541 4584 qttae
1554 4519 1619 4563 non
1633 4501 1683 4574 ld,
1703 4501 1892 4582 quodlicet,
1917 4499 1967 4564 sed
1983 4498 2073 4581 quod

710 4584 912 4676 pontidcratia
927 4583 1075 4646 otnnibus
1087 4584 1234 4662 expedit,
1256 4583 1433 4666 respiciunt.
1477 4583 1557 4648 Cum
1573 4584 1657 4650 enim
1675 4581 1842 4648 secundum
1856 4581 1913 4646 has
1934 4585 2074 4725 emigtta·

2036 4682 2070 4725 to
