4950 5567
392 621 396 630 ·
585 652 666 715 ,η
734 608 1076 698 otssanaamo
1098 606 1205 708 Joa.
1228 604 1389 684 caum
1409 603 1943 692 ercammarum

592 794 1089 907 SuperiotitatisTerrirnrialis
1105 792 1146 867 de
1161 816 1281 865 caetero
1296 787 1381 864 salva
1397 788 1459 864 elle
1472 790 1596 874 voluit,
1621 792 1822 886 imperative
1837 817 2015 894 precepta
2025 796 2084 898 a).'

596 904 718 1007 anad
735 904 796 973 laos
818 897 972 976 videlicet
987 893 1134 966 subditos
1163 892 1245 963 illud
1273 892 1406 962 tandem
1423 890 1588 963 Catholici
1616 890 1825 982 aliquatenus
1849 893 2084 980 obtinuerunt,

598 1003 692 1104 quod
716 998 853 1070 antehae
876 990 1030 1089 relpellu
1056 995 1233 1073 omnium,
1270 984 1461 1087 pollelstone
1495 991 1595 1060 etiam
1622 994 1712 1060 Anni
1735 995 1861 1064 Norm.
1878 991 2084 1085 guelfonem,

565 1113 567 1119 '
595 1099 778 1180 secundum
792 1118 944 1165 normam
963 1096 1054 1163 Pacis
1074 1083 1264 1181 Religiosae,
1291 1089 1475 1184 petierant,
1500 1108 1539 1157 ut
1553 1086 1664 1180 quoad
1682 1091 1878 1165 exercitium
1900 1087 2019 1164 saltem
2035 1095 2082 1166 oi·

593 1202 648 1278 hil
662 1197 750 1271 aliud
763 1193 856 1292 Juris
870 1189 1050 1268 haberent,
1074 1185 1131 1259 nist
1147 1185 1237 1281 quod
1264 1183 1440 1280 cujuslibet
1459 1185 1711 1280 Superioritatia
1725 1189 1965 1264 Territorialis
1982 1190 2082 1264 clati·

595 1297 700 1376 ssiana
716 1289 951 1371 manluetudo‚
977 1286 1081 1358 libere
1106 1289 1256 1356 voluntas
1274 1283 1414 1356 &mera
1436 1285 1542 1373 gratia
1566 1281 1743 1377 indulgete
1765 1286 1884 1368 vellet,
1910 1312 1950 1362 οἱ
1972 1311 2081 1364 temet

591 1421 675 1472 eum
689 1390 888 1464 limitatione
896 1431 911 1469 ‚-
930 1407 968 1457 ut
984 1379 1128 1458 concella
1144 1384 1280 1454 antebac
1296 1381 1328 1453 dc
1345 1383 1450 1477 petita
1462 1376 1576 1452 rursus
1592 1403 1610 1449 a
1625 1383 1808 1456 Catholicis
1821 1389 2080 1478 emigrationem

595 1490 692 1572 inviti
721 1485 858 1559 subditis
876 1483 1063 1578 imperandi
1081 1483 1214 1566 libertas
1233 1505 1295 1575 per
1308 1481 1396 1551 hunc
1406 1477 1541 1550 demum
1555 1475 1708 1575 respeblu
1721 1478 2079 1560 istorumsubditomm

597 1591 659 1668 sub
675 1590 780 1686 priori
797 1575 971 1680 possessore
987 1591 1084 1652 Anno
1096 1582 1326 1651 MDCXXIV.
1343 1579 1502 1650 exercitio
1517 1577 1704 1672 potiturum
1718 1575 1839 1653 iisdem
1855 1581 2018 1680 adempte
2029 1582 2081 1656 de·

600 1675 767 1765 cernatur.
818 1686 905 1752 Cum
928 1684 1016 1752 enim
1037 1682 1065 1769 ς.
1084 1699 1184 1750 xxxt.
1206 1699 1268 1774 per
1284 1674 1422 1747 modum
1438 1674 1642 1766 exceptionis
1657 1703 1675 1749 a
1690 1681 1774 1773 Jure
1789 1672 2001 1751 reformandi
2014 1679 2082 1754 Do·

399 1853 407 1862 .
450 1781 458 1792 ’
599 1790 701 1864 mittis
725 1783 908 1873 generatim
928 1775 1250 1874 competentedain
1274 1778 1336 1864 §vo
1352 1791 1438 1845 xxx.
1460 1770 1604 1842 stabilito
1619 1776 1736 1864 regule
1751 1777 1905 1872 quadam
1929 1773 2079 1874 speciali,
2113 1791 2116 1796 .

601 1886 646 1960 de
661 1881 797 1953 subditas
816 1875 1035 1946 nihilominus
1052 1879 1087 1944 in
1110 1865 1300 1964 posscllione
1322 1869 1378 1942 sua
1400 1877 1499 1942 Anno
1515 1873 1747 1946 MDCXXIV.
1773 1872 1888 1948 habite
1911 1873 2081 1950 eutrelio·

521 1966 526 1975 ¹
599 1978 761 2083 quendis,
786 1997 842 2045 aut
865 1969 1074 2044 restituendis
1094 1962 1413 2052 conllituta'fuetim
1439 1966 1628 2082 istaoregula
1650 1969 1800 2066 specialis
1814 1969 1858 2044 ad
1871 1977 2079 2070 oppignore·

601 2063 1411 2262 :iza,qlsslllilsll‘lss‘tl‘az‘elll?
1425 2065 2081 2257 llllttlllllll‘stlssss‘dlss

603 2271 726 2350 titulos
744 2265 946 2362 inapplicata
963 2260 1116 2334 remansit
1173 2265 1313 2333 Retenta
1331 2257 1452 2332 scilicet
1467 2255 1531 2334 fuit
1553 2263 1587 2331 in
1603 2286 1662 2348 eo,
1687 2261 1796 2362 quod,
1821 2261 1944 2338 ficales
1962 2265 2082 2340 lubditi

602 2367 784 2448 habuerint
806 2359 978 2459 publicum
996 2361 1047 2434 vel
1071 2361 1239 2455 privatum
1255 2359 1439 2450 Religionis
1459 2361 1654 2434 exercitium
1675 2364 1710 2432 in
1731 2368 1832 2436 Anno
1856 2367 2005 2454 Noram..
2029 2389 2082 2440 tte·

604 2490 674 2571 que
686 2464 870 2554 emigrare,
894 2482 1003 2554 neque
1019 2459 1169 2555 priorem
1186 2451 1276 2526 suam
1287 2458 1495 2550 Religionem
1510 2455 1662 2531 deserere
1677 2483 1859 2552 cogantur3
1881 2463 2083 2632 ioepbplicett

604 2585 720 2644 eutem
740 2553 893 2629 remansit
912 2578 1064 2635 eatenus,
1089 2553 1198 2651 quod,
1221 2551 1345 2625 etiamst
1369 2557 1403 2624 in
1426 2557 1525 2625 Anno
1545 2559 1671 2628 Nortn.
1690 2559 1885 2632 exercitium
1904 2557 1949 2632 lta
1975 2563 2083 2636 uerior

603 2664 671 2739 live
692 2661 859 2756 privatum
881 2650 944 2725 (ive
967 2652 1161 2748 publicum,
1187 2673 1368 2747 propterea
1388 2671 1498 2722 tamen
1519 2678 1585 2724 non
1607 2651 1666 2727 sint
1688 2659 1827 2728 omnino
1846 2652 1975 2742 securi,
1999 2657 2082 2730 illie.

604 2785 673 2860 que
688 2754 771 2826 nihil
788 2749 890 2847 prosit
905 2751 994 2821 illius
1008 2751 1084 2819 anni
1104 2741 1271 2843 pollellto,
1295 2743 1350 2817 sed
1371 2745 1507 2818 demum
1528 2753 1617 2823 inter
1640 2749 1728 2847 ipsos
1753 2778 1790 2824 ac
1806 2753 1997 2830 reloentem
2016 2759 2085 2829 Do·

605 2860 738 2934 aninum
753 2845 895 2942 desuper
912 2844 948 2915 tit
964 2841 1219 2935 transigendum.
1271 2844 1373 2941 Quod
1389 2848 1492 2936 igitur
1508 2848 1542 2918 hi
1565 2846 1684 2922 subditi
1700 2853 1848 2944 migrare
1862 2878 1930 2926 aton
1950 2873 2085 2928 teneto·

607 2978 684 3031 eur,
712 2950 746 3018 in
769 2945 833 3015 hoc
852 2941 925 3014 sunt
945 2942 1095 3012 melioris
1110 2941 1328 3022 conditionis,
1353 2967 1455 3039 quam
1475 2942 1531 3015 alii
1546 2943 1686 3029 subditi,
1711 2953 1769 3043 qui
1788 2977 1898 3046 neque
1913 2952 2087 3048 publicum

592 3079 594 3084 ·
606 3038 719 3145 n'eque
739 3044 907 3139 privatum
923 3040 1118 3111 exercitium
1132 3038 1316 3130 Religionis
1336 3064 1422 3113 anno
1438 3037 1628 3138 supradicio
1651 3045 1816 3133 habuere;
1841 3052 1896 3119 his
1917 3055 2011 3123 enim
2024 3053 2086 3124 im·

608 3145 723 3247 perari
739 3134 863 3236 potest,
889 3159 924 3208 ut
937 3139 1028 3232 juxta
1052 3132 1298 3232 dispolitiooem
1319 3140 1370 3226 §vi
1391 3159 1519 3212 xxxva.
1535 3144 1701 3235 emigrent
1762 3149 1801 3214 In
1822 3169 1863 3218 eo
1878 3173 1980 3231 vero,
1996 3147 2086 3246 quod
2108 3187 2111 3192 ·

609 3245 740 3321 ratione
762 3237 908 3306 exercitii
930 3236 1115 3325 Religionis
1142 3232 1267 3330 publici
1290 3234 1546 3307 transallionem
1568 3264 1683 3335 petere
1700 3241 1733 3312 dt
1748 3240 1936 3340 exspeilate
1958 3269 2089 3320 tenean-

609 3366 682 3414 tur.
711 3334 784 3408 sttnt
801 3331 992 3404 conditione
1006 3332 1189 3402 deteriores
1205 3330 1287 3408 illis,
1310 3335 1367 3426 qui
1384 3329 1442 3404 sub
1460 3340 1602 3429 proprio
1616 3360 1710 3411 antea
1725 3343 1873 3413 Domino
1890 3344 2089 3419 alterutrum

610 3434 799 3528 Religionis
819 3432 1012 3500 exercitium
1033 3424 1124 3498 ditio
1143 3453 1228 3498 anno
1250 3429 1455 3511 habuerunt,
1482 3431 1605 3529 absque
1630 3435 1697 3506 ulla
1721 3435 1856 3531 posthac
1879 3441 2089 3530 limitatione,

485 3540 495 3550 ’
609 3535 685 3612 sed,
712 3547 814 3627 prout
838 3526 871 3597 dc
893 3549 1054 3623 quatenus
1075 3522 1303 3621 possederunt,
1325 3524 1502 3601 necessario
1531 3532 1797 3629 relinquendum.
1858 3540 1894 3609 Si
1916 3542 2008 3612 enim

609 3628 800 3733 pignoratis
818 3647 894 3696 ante
908 3621 1163 3695 transaelionem
1181 3648 1218 3694 ex
1228 3621 1297 3721 ipsa
1308 3629 1464 3722 LegeJus
1477 3628 1611 3725 aliquod
1624 3630 1794 3726 qnaelitum
1810 3633 1915 3710 tribui
1926 3567 2090 3726 voluiildt:

612 3729 705 3803 nulla
729 3719 839 3797 fuisset
860 3725 946 3795 ratio
966 3715 1147 3792 formulam
1170 3724 1372 3819 anteriorem
1394 3721 1583 3799 aCaesareis
1605 3731 1712 3802 adhuc
1737 3732 1995 3809 indeterminate
2017 3763 2093 3812 coo·

612 3848 764 3924 ceptam:
789 3823 914 3891 libertem
929 3825 1093 3912 Religionis
1108 3827 1287 3892 exercitium
1301 3829 1518 3912 permittetur,
1541 3849 1607 3898 tam
1628 3825 1786 3901 tenaciter
1801 3856 1840 3902 ex
1857 3836 1957 3930 parte
1971 3838 2091 3908 Catho·

612 3925 760 3999 ficorum
782 3917 973 4015 rejiciendi,
999 3941 1059 3992 nec
1081 3941 1120 3993 ex
1144 3941 1241 4015 parte
1263 3914 1533 3998 Caesareanorum
1557 3924 1591 4001 dc
1615 3923 1870 4006 Protestantium
1894 3934 2036 4006 eaodem
2057 3937 2091 4007 io

1958 4030 2096 4107 hodier-

655 4240 693 4325 ι)
716 4231 809 4300 Conf.
824 4229 898 4318 Cap.
911 4233 938 4301 i.
952 4238 979 4313 ξ.
990 4233 1033 4303 ll.
1047 4236 1079 4302 in
1097 4235 1150 4318 (d)
1163 4236 1196 4303 lo
1209 4233 1336 4305 verbine
1356 4236 1519 4317 „subditis
1536 4237 1652 4332 semper
1663 4244 1795 4312 libemm
1806 4241 1878 4315 fore
1892 4267 1967 4316 cam
1981 4250 2094 4318 Domi-

727 4337 795 4393 „no
817 4320 1027 4417 proprietptio
1055 4321 1197 4385 reloente
1226 4322 1356 4405 posthac
1382 4328 1593 4409 emulgere„
1622 4329 1700 4397 Sive
1726 4329 1985 4403 Vountateus
2011 4336 2095 4424 apud

730 4399 913 4465 marana
929 4402 1042 4465 tbtdem
1056 4403 1243 4484 allegatuma

786 4525 1210 4728 ppttrlctttdt'tomirte
1229 4535 1896 4642 mltbmelatttitmeittttitcapitulien
1963 4613 1974 4623 -
2030 4651 2033 4656 ,

728 4657 813 4746 aa„
861 4660 988 4751 ‚tam
