4950 5567
605 643 676 724 320
1052 601 1640 690 urssnurarro

605 825 641 875 ro
656 797 849 874 sententiam
864 794 899 869 in
920 789 998 893 ipsis
1014 781 1107 868 Pacis
1117 785 1334 868 Traslatibus
1356 784 1609 864 luculentislime
1623 775 1885 870 manifestarint,
1916 781 1952 859 dr
1973 781 2109 888 inlirpee

602 897 737 983 habito,
761 901 830 972 imo
845 919 905 969 nec
921 895 1068 988 cogitato
1093 895 1213 991 panico
1237 889 1404 985 ejusmodi
1423 885 1655 976 dissensonum
1676 889 1765 958 inter
1784 884 1936 966 subditos
1955 885 2105 962 dissideo·

602 1019 654 1070 tes
679 993 965 1078 metuendorum,
991 1014 1112 1090 utpote
1142 985 1375 1087 compluribus
1401 989 1474 1059 aliis
1499 986 1621 1059 mediis
1644 982 1876 1068 evitabilium,
1914 1007 2014 1060 metu
2038 1009 2108 1064 nuo

602 1115 732 1168 tantum
749 1083 945 1189 sinpliciter
960 1087 1243 1164 intruduslionem
1261 1087 1417 1157 Exercitii
1434 1083 1561 1183 publici
1571 1081 1758 1176 Religionis
1774 1079 1838 1154 suae
1850 1087 2100 1159 Domino‘rea

600 1191 747 1266 ritoriali
766 1187 956 1290 permissam
971 1188 1182 1271 asseruerint,
1209 1182 1264 1257 sed
1287 1183 1341 1256 vel
1365 1185 1508 1254 maxime
1523 1182 1734 1255 catholicam
1751 1179 1784 1252 dr
1801 1178 1892 1253 suam
1918 1183 1966 1254 ita
1981 1179 2099 1260 dissent

604 1289 844 1384 Evangelicam
867 1291 998 1382 integre
1017 1287 1128 1384 quoad
1152 1285 1215 1357 hoc
1235 1285 1457 1380 aequiparatur
1476 1281 1664 1363 voluerint,
1689 1302 1783 1377 reque
1804 1273 1943 1352 facilem
1965 1303 2000 1352 at
2024 1305 2096 1358 uu

601 1385 780 1468 turbarum
794 1385 948 1490 periculo
965 1411 1059 1486 aeque
1074 1407 1242 1463 remotam
1256 1381 1436 1481 utriusque
1450 1375 1737 1456 introduslionent
1748 1373 1870 1454 diserte
1883 1373 1978 1478 prof
2120 1395 2125 1472 r

767 1557 873 1625 coar.
893 1558 958 1648 ru,
978 1557 1012 1646 r.
1024 1551 1211 1626 xxxvrn.

610 1721 695 1814 Quo
713 1718 890 1810 etiamilla
904 1719 1016 1790 omnia
1031 1717 1218 1814 pertinent,
1250 1689 1325 1808 qdae
1344 1709 1380 1785 in
1401 1703 1496 1782 causa
1521 1705 1919 1802 Palatino-Neoburgica
1943 1707 1981 1784 dr
2001 1709 2094 1786 suia·
2117 1683 2125 1730 l

607 1815 737 1892 bacenst
753 1817 831 1890 hinc
855 1816 932 1891 inde
947 1819 1067 1910 agitata
1083 1813 1156 1912 sup.
1175 1815 1211 1900 §.
1228 1815 1336 1886 XLll.
1357 1806 1581 1881 recensentur.
1646 1809 1804 1903 Denique
1829 1807 1853 1878 ss
1874 1809 1941 1882 hue
1962 1809 2093 1884 demum

607 1935 678 1988 tota
700 1913 958 1989 Proteslanrium
976 1915 1010 1986 dr
1027 1912 1236 1984 subditurum
1255 1911 1289 1980 dt
1304 1903 1493 1979 Doslorum
1510 1904 1647 2001 querela
1660 1906 1804 1988 recidat,
1818 1909 1852 1977 in
1866 1903 1957 1980 salvo
1970 1932 2023 1981 res
2038 1905 2092 1992 es,

606 2007 724 2086 saltem
748 2013 948 2086 Doslrinam
964 2011 1217 2085 catholicorum
1239 2008 1282 2078 de
1297 2005 1503 2077 Simultaneo
1519 2007 1565 2074 ita
1585 2000 1675 2076 dislo
1695 2005 1831 2076 innoxio
1855 2004 2039 2098 Religionis
2058 2008 2093 2078 iu

607 2109 712 2192 locis,
736 2109 907 2208 inquibus
925 2119 1025 2182 Anno
1042 2107 1203 2180 Narmali
1219 2108 1321 2176 etiarn
1339 2100 1455 2176 usitata
1473 2125 1540 2173 non
1557 2096 1685 2186 fuerat,
1717 2101 1965 2177 introducendo
1986 2101 2092 2202 quoad

607 2205 821 2284 substantiam
839 2207 929 2280 suam
946 2212 1022 2280 Paci
1036 2203 1186 2302 Wellph.
1205 2229 1272 2274 non
1289 2200 1374 2275 adeo
1388 2197 1557 2272 aduersam
1572 2197 1654 2280 esse,
1677 2224 1787 2296 neque
1803 2224 1929 2274 tautam
1951 2203 1988 2274 iu
2004 2205 2092 2276 Strtu

607 2303 745 2402 precise
769 2304 930 2378 habituali
952 2307 1043 2378 Anni
1065 2302 1243 2378 Normalis
1263 2302 1332 2375 viro
1352 2299 1473 2396 reponi
1494 2293 1611 2396 possen
1635 2295 1691 2372 sed
1712 2321 1752 2371 er
1778 2297 1920 2398 sequelis
1941 2299 2092 2375 duntaxat

609 2402 761 2500 ejusdem
780 2407 1034 2500 repugnantiam
1053 2404 1142 2500 peti,
1168 2425 1243 2497 quae
1260 2423 1372 2472 tamen
1388 2399 1547 2494 s'cquelrc,
1572 2397 1622 2467 uti
1641 2396 1682 2465 ad
1703 2398 1843 2471 modum
1864 2399 2092 2472 tantummodo

609 2503 809 2598 pertinent,
844 2504 890 2572 ita
912 2503 1012 2576 variis
1032 2504 1134 2574 etiam
1155 2496 1438 2576 limitationibus,
1470 2494 1632 2576 cautelis,
1663 2491 1696 2564 dr
1721 2493 1856 2570 diversis
1880 2495 2004 2570 mediis
2023 2495 2091 2569 tolli

609 2601 748 2670 omnino
792 2595 916 2683 assunt,
941 2623 977 2673 ac
991 2599 1133 2696 provida
1147 2597 1312 2701 Principis
1328 2595 1523 2698 equanimis
1535 2590 1631 2667 suum
1650 2593 1772 2694 cuique
1787 2594 1967 2674 tribuentis
1983 2593 2091 2672 authu·

607 2699 737 2774 ritatec
778 2694 938 2774 carissime
948 2699 1121 2800 pravorti.

1230 2825 1265 2927 q.
1315 2825 1467 2905 XLIX.

441 2953 571 3023 1⁰⁰⁰m·
726 2969 876 3039 Atesim
892 2961 1065 3063 interipsa
1081 2963 1157 3049 illa,
1185 2985 1259 3060 quae
1281 2960 1420 3036 subditis
1435 2961 1695 3041 dissentientibus
1713 2961 1849 3040 adversa
1862 2961 2036 3050 videntur,
2056 2959 2089 3042 dr

421 3041 519 3140 3¹⁰⁶!
612 3084 687 3158 quae
701 3063 815 3161 reapse
837 3063 928 3149 suat,
953 3087 993 3138 cx
1012 3057 1211 3159 supradislis
1231 3065 1370 3135 omnino
1385 3061 1652 3157 distinguendum
1667 3067 1757 3138 venit
1765 3116 1775 3149 ,
1798 3088 1898 3161 arque
1912 3065 2004 3137 unde
2017 3089 2089 3164 qua·

420 3141 579 3270 ᾞἘῗὲ.
609 3160 783 3258 liacunquc
805 3165 926 3260 quietis
947 3184 1004 3235 ant
1023 3161 1271 3258 tranquillitatis
1300 3184 1424 3233 mutua·
1447 3170 1630 3237 commotio
1659 3168 1826 3258 originem
1845 3161 1936 3234 liram
1960 3163 2089 3249 habeat,

419 3303 466 3358 ῃ,
479 3298 575 3370 ,tque
608 3281 683 3336 utra
696 3284 775 3357 pars
792 3266 903 3332 Autor
918 3263 1031 3359 potius
1053 3258 1108 3344 stt,
1134 3257 1180 3332 est
1198 3255 1455 3356 respiciendum.
1503 3262 1565 3330 Illa
1579 3265 1687 3346 enim,
1711 3287 1785 3358 qnae
1801 3259 1965 3358 reapse&
1983 3286 2044 3359 per
2059 3258 2090 3332 se

419 3365 595 3436 haecetiam
610 3358 731 3452 quictae
746 3355 929 3454 possessioni
946 3358 1155 3431 subditorum
1176 3354 1432 3429 dissentientium
1449 3355 1569 3430 habitae
1589 3359 1823 3445 adversantur,
1849 3384 1994 3459 quaeque
2009 3361 2088 3432 hanc

436 3469 476 3550 ‚er
493 3451 523 3516 sa
536 3464 583 3553 ta·
609 3452 763 3539 turbant,
791 3457 824 3531 dr
839 3458 1048 3556 impediunt,
1071 3478 1127 3528 aut
1140 3451 1288 3527 derrasse
1302 3456 1444 3553 quadam
1460 3478 1556 3551 parte
1570 3479 1640 3529 tum
1651 3457 1763 3529 habita
1779 3457 1991 3540 diminuunt,
2010 3457 2089 3530 adeo

433 3554 473 3609 ¹²⁹
487 3533 520 3598 &
533 3535 594 3634 ,²¹¹⁸
608 3577 626 3623 a
641 3555 797 3651 Principe
818 3551 890 3652 ipsu
910 3555 1041 3626 admitti
1062 3574 1250 3648 nequeunt,
1275 3576 1313 3626 ut
1333 3555 1446 3650 potius
1463 3551 1611 3629 subditos
1635 3579 1853 3652 quoscunque
1867 3554 1926 3628 libi
1945 3558 1982 3628 iu
1999 3555 2088 3630 Reli-1

419 3637 593 3764 ἓξῃῖῗξζῃ
607 3650 708 3744 gione
721 3651 961 3726 consentientes
977 3652 1053 3725 talia
1069 3673 1285 3731 attentantes,
1311 3673 1469 3748 tanquam
1486 3650 1593 3726 custos
1613 3654 1645 3724 dr
1665 3656 1783 3724 vindex
1798 3659 1927 3746 Legum
1942 3653 2089 3750 publica·

420 3792 489 3844 ,um
506 3779 541 3846 ἂ
607 3772 684 3821 rurn
699 3773 890 3847 mutuaque
906 3753 997 3824 Pacis
1014 3775 1075 3846 per
1090 3749 1163 3820 illas
1180 3745 1338 3820 reslitutae
1353 3749 1450 3845 (ideo
1466 3754 1555 3822 enirn
1571 3752 1718 3844 gladium
1733 3775 1846 3847 porcat
1861 3755 1895 3822 in
1906 3750 2088 3824 vindiciam

420 3867 566 3946 quando.
607 3844 775 3920 malorum
798 3849 831 3921 dr
852 3845 1147 3939 refraslariorum)
1171 3848 1291 3941 punire
1313 3871 1377 3941 pro
1397 3869 1507 3918 reatus
1532 3849 1693 3940 dignitate
1720 3848 1849 3923 debeat.
1901 3853 1988 3948 Qrae
2009 3873 2088 3923 uero

420 3963 483 4028 que
507 3945 593 4014 secu·
608 3963 736 4018 tantum
756 3969 794 4017 ex
811 3947 971 4021 accidenti
989 3947 1021 4018 dc
1042 3967 1164 4043 practer
1179 3942 1336 4015 sinceram
1351 3945 1491 4016 Domini
1506 3943 1596 4017 suam
1619 3948 1830 4040 Religionem
1844 3948 2087 4022 introducentis

418 4037 490 4128 ²¹¹,ss
509 4031 557 4096 dl·
610 4043 847 4127 intentionem,
874 4044 1126 4140 &quandoque
1142 4041 1316 4122 duntaxat,
1342 4066 1407 4113 non
1424 4043 1572 4140 semper,
1599 4044 1665 4116 dte
1684 4046 1868 4141 longinquo
1882 4043 2088 4146 consequun-

418 4111 582 4196 stfflssulm·
608 4162 682 4221 tur,
708 4139 869 4237 ipsosmet
892 4139 1071 4213 subditura
1089 4141 1239 4212 Domino
1261 4136 1483 4212 dissentientes
1506 4143 1706 4238 plerumque
1723 4152 1867 4215 Antores
1883 4141 2029 4232 habent,
2054 4145 2089 4224 dr

419 4205 483 4262 ‘ur’
538 4243 547 4264 “
608 4241 643 4312 in
666 4238 788 4310 horum
807 4241 921 4337 potius
946 4260 1178 4336 prucoucepto
1196 4237 1321 4318 livore,
1347 4262 1384 4308 ac
1404 4237 1625 4311 irrationabili
1642 4235 1789 4338 palstune
1806 4243 1974 4334 originem
1996 4241 2089 4318 liram

606 4336 797 4417 inveniunt,
826 4336 968 4433 ideoque
985 4338 1150 4432 Principi,
1175 4333 1270 4429 cujus
1287 4332 1455 4430 Maiestati
1467 4337 1604 4409 malitiis
1623 4339 1797 4410 hominum
1817 4339 2003 4435 &quidem
2017 4339 2090 4422 subd¹

607 4433 756 4508 ditatum
778 4434 952 4526 indulgere
976 4456 1185 4528 nequaqnam
1208 4437 1381 4515 conuenit,
1408 4459 1576 4506 remoram
1599 4438 1632 4506 in
1646 4434 1705 4507 usu
1720 4439 1814 4533 Juris
1839 4435 1887 4509 sui
1902 4440 1992 4511 inter
2007 4441 2091 4515 relin'

606 4553 672 4625 qua
687 4535 848 4629 precipui
864 4531 1009 4628 objicere
1023 4554 1202 4625 nequeunt.
1228 4530 1352 4603 Ansam
1368 4555 1477 4604 autern
1495 4531 1517 4603 st
1536 4535 1747 4627 indagamus,
1773 4559 1846 4608 cam
1859 4560 1968 4620 certe,
1995 4539 2090 4636 quod

606 4627 773 4708 catholici
790 4630 926 4736 quidam
940 4632 1092 4708 concives
1104 4632 1139 4703 in
1154 4630 1350 4712 Territorio
1364 4632 1504 4708 Domini
1517 4632 1570 4713 rel
1582 4633 1691 4719 eidem
1703 4657 1780 4710 cunr
1793 4631 1891 4740 ipss,
1912 4637 1966 4712 vel
1976 4640 2089 4813 (iiim

2015 4760 2090 4816 ser·
