4950 5567
493 591 568 688 49⁶
967 569 1537 658 otssenrnrto
1641 515 1702 532 ”

424 733 427 742 ¹
503 761 576 836 sam
597 753 751 832 adsersus
773 761 943 832 omneoil
972 761 1012 832 C.
1028 756 1177 831 eddidios
1201 781 1278 830 cum
1299 749 1404 830 fuerit
1420 753 1475 852 jus
1492 745 1751 834 Dioecesonum,
1779 745 1817 824 dr
1843 747 1888 826 lic
1911 749 1965 828 sun

503 882 594 931 mam
608 862 641 930 in
658 857 802 956 politicis
817 853 1062 953 dispostionem
1078 882 1152 928 eum
1167 853 1325 954 supremo
1339 853 1507 926 sectorum
1517 853 1668 947 Imperio
1683 853 1720 921 io
1735 873 1760 946 p
1776 847 1966 926 ersooal’tir

505 955 817 1052 cipistcrritorialis
832 959 957 1026 unitcm
973 949 1035 1025 elle
1049 951 1204 1027 llatuunt.
1251 953 1373 1048 Quivis
1392 951 1559 1022 Dominus
1583 945 1809 1020 territorialie
1827 949 1965 1022 Acotltol

508 1077 584 1134 cus,
610 1075 676 1146 quc
692 1045 838 1122 summus
854 1054 888 1122 in
905 1053 1076 1123 territorio
1093 1048 1150 1121 suo
1160 1045 1344 1146 Episcopus
1353 1041 1629 1144 Jutisdislionem
1637 1043 1901 1140 Episcopelcm,
1915 1048 1965 1119 imi

507 1171 548 1316 pt
565 1147 729 1314 “lungks'
740 1146 908 1219 Pontificio
916 1151 961 1314 pn
977 1145 1050 1312 spos
1061 1142 1449 1312 guldls‘lsff’fstqssss‘floesss
1467 1164 1622 1310 epprcerc
1640 1139 1786 1310 ingubic
1802 1139 1926 1310 dpzbcp‘,
1940 1167 1965 1312 'p

547 1270 609 1315 tn
682 1269 774 1314 tno
870 1268 913 1315 uo
959 1267 976 1314 e
1015 1267 1158 1314 norom
1209 1265 1400 1314 uaetonem
1465 1255 1672 1322 est,'uo
1718 1261 1804 1310 cum
1861 1261 1939 1312 eto

509 1267 682 1438 Perillcipc:
697 1268 910 1413 leitirddlllus
926 1341 1023 1436 plane
1037 1267 1288 1436 Jurisdidllonis
1305 1267 1534 1410 Eccleliellicae
1554 1262 1692 1432 ceploces
1707 1331 1792 1418 lint,
1818 1357 1899 1408 eom
1915 1361 1965 1436 quc

470 1496 472 1500 .
507 1441 627 1532 quein
648 1435 795 1510 subditos
811 1436 887 1509 suos
904 1436 1123 1510 Protellantes
1150 1461 1304 1508 exercere
1327 1453 1512 1522 nequeunt,
1536 1455 1614 1506 etun
1639 1455 1698 1505 eos
1717 1455 1788 1502 tom
1813 1435 1826 1527 i
1855 1431 1889 1504 so
1904 1437 1965 1530 Jun'

510 1535 670 1606 Canonici
689 1536 856 1630 Principia
873 1531 1042 1606 abeodem
1059 1557 1210 1617 arceant,
1238 1555 1339 1628 quom
1361 1529 1455 1626 quod
1477 1527 1512 1600 dt
1533 1525 1633 1600 verbo
1650 1531 1750 1620 hujus
1765 1531 1795 1618 ξ.
1812 1459 1874 1600 illo
1888 1555 1965 1602 remi

511 1631 620 1702 econt‘.
668 1631 824 1702 sedeam
847 1635 960 1729 potius
980 1633 1045 1703 hoc
1064 1634 1098 1700 in
1117 1627 1190 1700 essu
1210 1626 1378 1726 Episcopo
1398 1623 1586 1698 Dioreseos
1605 1647 1800 1722 competere
1819 1649 1864 1698 ex
1884 1649 1965 1700 ment

511 1725 726 1799 lttsttument't
750 1731 840 1826 pacis
863 1723 1015 1800 asserunt.
1072 1728 1364 1800 continuationem
1385 1723 1536 1820 ejusdem
1557 1725 1590 1812 ς.
1603 1735 1662 1809 48.
1684 1747 1750 1822 pro
1774 1720 1810 1794 se
1831 1721 1965 1816 allegam

514 1829 735 1896 Coriolimrutn
744 1825 923 1918 Argustana
939 1826 1127 1916 censtffionis
1142 1828 1256 1894 addidi
1272 1823 1371 1909 llarus
1391 1825 1613 1916 provinciales,
1639 1825 1674 1894 ss
1694 1821 1828 1907 (additi,
1852 1827 1965 1914 qeicot

521 1933 623 2014 16²4·
648 1925 895 2020 Juritdisiienem
905 1921 1132 2012 Ecclefiesticonr
1144 1939 1357 2012 agnoverunt,
1380 1924 1413 1988 in
1428 1923 1466 1989 iis
1480 1917 1593 2001 coslus
1605 1919 1689 1987 enode
1708 1921 1791 1988 orec
1806 1919 1965 2008 jacentes

392 2041 396 2064 ¹
516 2019 553 2090 eti
572 2019 706 2106 [alsmr,
730 2024 782 2110 qni
797 2019 1006 2111 Augustarum
1029 2017 1237 2108 confessorem
1262 2021 1435 2086 relerentes
1459 2035 1659 2094 concernunt,
1680 2017 1767 2084 modo
1789 2015 1861 2106 ipſse
1880 2020 1965 2088 rcriet

515 2114 659 2207 proceffrts
673 2118 748 2184 nibil
760 2118 956 2205 injungatur,
983 2115 1162 2204 Argustana
1179 2113 1370 2203 consrffioni,
1388 2117 1444 2182 vel
1460 2113 1596 2181 libertati
1617 2109 1795 2196 conscientie
1812 2133 1965 2277 Ὑμνί

519 2231 620 2298 atque
646 2209 722 2278 inde
753 2237 818 2280 rnre
845 2209 1012 2280 deducunt
1037 2209 1201 2301 ejusmodi
1222 2206 1387 2289 subditos,
1413 2207 1496 2280 nulli
1520 2205 1590 2300 juti
1609 2203 1804 2279 Dioeccsano
1847 2205 1965 2303 ubjellt

495 2367 503 2394 ,
518 2301 604 2385 csse,
629 2301 683 2374 sed
698 2329 755 2376 eos
773 2310 806 2376 in
820 2309 961 2400 negotiis
976 2305 1148 2396 religionis
1166 2301 1392 2399 dispostiones
1404 2304 1608 2375 authoritate
1618 2305 1759 2400 propria
1769 2297 1886 2392 sotere
1898 2305 1965 2404 poll

520 2407 581 2476 edo
607 2399 698 2500 quod
716 2401 839 2478 donno
858 2409 961 2492 1624.
982 2401 1106 2476 nudam
1122 2399 1401 2506 Jurisdidiionem
1424 2401 1517 2475 nullo
1538 2394 1693 2503 r'espcdlu
1715 2409 1937 2499 agnoverint,
1958 2429 1965 2475 t

1959 2527 1965 2573 l

636 2670 794 2736 catholici
806 2671 839 2736 in
856 2675 946 2738 tertio
959 2675 999 2739 A.
1011 2673 1046 2740 C.
1059 2674 1178 2756 semper
1191 2676 1295 2740 adhoc
1306 2673 1479 2740 exercuere
1493 2671 1564 2756 inre
1579 2669 1744 2754 quedomr
1766 2669 1798 2736 id
1815 2673 1907 2752 qood
1924 2669 1965 2740 l’n

636 2755 785 2817 testantes
808 2757 932 2836 prorsus
955 2759 1027 2820 tolli
1043 2758 1194 2829 voluero,
1214 2757 1289 2821 hinc
1309 2761 1426 2821 verba:
1448 2775 1514 2820 curn
1529 2753 1742 2852 omnidrctsot's
1765 2755 1921 2835 presedere,
1942 2773 1965 2817 n

636 2845 741 2898 tentet
754 2837 1012 2915 opponebantut3
1036 2839 1180 2918 quamvis
1191 2859 1294 2980 porto
1307 2839 1455 2922 Episcopi
1466 2859 1509 2901 ex
1522 2837 1610 2899 Pacis
1622 2835 1736 2915 religio
1750 2855 1779 2898 ae
1796 2835 1965 2920 disposition

520 2991 524 2998 Ι
636 2932 748 2976 contra
762 2917 876 2987 status,
896 2915 929 2978 dc
944 2919 1083 2996 reliquos
1095 2919 1188 2980 imme
1212 2921 1295 2984 istos
1309 2931 1401 2983 caute
1416 2919 1586 3001 procedere
1602 2917 1775 2990 debebunt,
1798 2930 1915 2982 contro
1931 2916 1965 2980 su'

637 2997 725 3058 ditos
738 3007 840 3056 tamen
855 2996 972 3078 semper
985 3000 1227 3079 praetendebsut.
1272 2999 1393 3075 Verbo,
1418 3019 1489 3082 quse
1500 3003 1532 3063 in
1547 3000 1749 3080 supracitato
1764 2997 1845 3061 loco
1863 2999 1881 3062 s
1915 3019 1965 3062 out

637 3087 706 3146 tur,
728 3089 790 3137 tom
804 3079 885 3138 inter
898 3078 1081 3142 catholicos
1093 3080 1126 3142 dc
1140 3081 1179 3142 A.
1193 3081 1228 3144 C.
1244 3081 1390 3146 oddiclos
1402 3082 1516 3154 status,
1536 3100 1628 3161 quom
1641 3081 1723 3142 inter
1735 3079 1825 3142 solos
1839 3081 1880 3143 A.
1920 3081 1964 3146 ‚u

637 3163 698 3252 eus·
708 3159 845 3254 maxime
859 3159 972 3252 dubios
987 3163 1185 3258 reddiderunt
1201 3161 1232 3228 P.
1248 3163 1302 3230 W.
1315 3167 1521 3244 interpretes,
1540 3165 1594 3240 qui
1608 3161 1725 3222 sensum
1735 3180 1851 3224 eorum
1865 3165 1965 3260 trixut

560 3309 572 3336 ·
639 3240 1237 3404 {tellselma{sest‘slslnzll’f
1260 3241 1965 3406 llll.lassedinis.lt{*·.il⁸.ll{¹⁶s2.¹.ll

640 3401 694 3462 nili
711 3421 759 3460 me
772 3403 876 3462 omnia
890 3401 1017 3477 sallent,
1036 3405 1108 3466 talis
1123 3404 1181 3478 est,
1206 3426 1273 3470 seno
1287 3405 1493 3490 Episcopatus
1510 3407 1550 3468 A.
1567 3403 1601 3466 C.
1618 3403 1747 3479 addicti,
1771 3405 1806 3468 dr
1820 3427 1879 3488 per
1915 3428 1965 3472 oce

640 3482 836 3545 saecularisati
847 3483 943 3566 longe
955 3485 1034 3546 ultra
1049 3487 1200 3547 terminos
1213 3490 1365 3552 territorii
1380 3487 1543 3550 extensum
1555 3486 1692 3546 habuere
1705 3487 1755 3563 jus
1769 3429 1914 3551 Dioeces

641 3565 702 3625 udo
719 3563 1015 3645 Ata-ltiepiscopstns
1035 3565 1308 3648 ltingdeburgensts
1324 3569 1443 3632 Domui
1459 3569 1690 3630 concedebatur
1705 3567 1965 3652 Brandeoburgict

602 3725 604 3730 .
641 3643 712 3706 hec
731 3647 759 3704 in
776 3643 980 3726 Episcopatus
998 3647 1299 3727 llletsebutgensem,
1320 3649 1355 3712 dt
1371 3652 1528 3713 (ticensem
1546 3647 1800 3719 ¹lutisdistionem
1818 3657 1965 3731 praetendi

642 3725 717 3788 dicti
732 3727 795 3784 dno
807 3725 1011 3807 Episcopatus
1026 3731 1246 3796 antecedenter
1255 3733 1428 3814 lllettopoli
1439 3729 1693 3812 llngdeburgenll
1707 3729 1837 3809 subjedli
1849 3752 1921 3796 cum
1931 3733 1963 3796 su

642 3810 721 3901 rint,
745 3807 1021 3880 l'rimntnmedeo,
1041 3811 1316 3896 lllcgdeburgcust,
1357 3817 1387 3876 ui
1401 3813 1716 3890 olimcompeticrst,
1735 3813 1962 3896 Illettopolitan

642 3889 697 3950 ltbi
717 3889 914 3951 vindicarit.¹
946 3889 1128 3972 Op'pnsuete
1143 3892 1203 3954 sese
1223 3895 1319 3956 lictus
1334 3833 1372 3957 A
1384 3893 1419 3956 C.
1433 3913 1561 3972 remque
1572 3893 1771 3955 deduxerunt
1788 3914 1851 3971 eu,
1872 3911 1910 3958 ut
1927 3897 1965 3958 ltu

643 3969 673 4112 ἒ
693 3967 892 4036 insereretur.
913 3972 964 4052 jus
985 3972 1197 4036 ltloecesenum
1219 3979 1299 4040 intra
1319 3978 1471 4036 terminos
1487 3974 1632 4050 cujttsvis
1645 3971 1831 4050 Territotii,
1855 3977 1965 4060 cujust·

676 4049 808 4130 piscopi,
832 4051 868 4111 lit
882 4051 1083 4123 Catholicus,
1105 4053 1143 4114 stt
1156 4056 1194 4117 A.
1209 4057 1244 4120 C.
1263 4056 1422 4124 eddidlus,
1443 4057 1667 4134 consequenter
1682 4065 1745 4118 tum
1762 4059 1847 4120 inter
1857 4059 1965 4122 Cathol

647 4151 723 4199 cos,
747 4129 781 4192 dc
801 4131 991 4210 Angullonre
1016 4133 1208 4199 Consclstoni
1231 4138 1391 4208 addictos,
1418 4155 1510 4216 quom
1533 4137 1614 4198 inter
1639 4135 1724 4198 solos
1741 4138 1783 4200 A.
1800 4138 1836 4200 C.
1860 4139 1965 4204 addidit

647 4211 743 4275 llattts
763 4211 821 4272 sese
841 4219 1003 4276 continere
1019 4218 1150 4284 debere;
1171 4219 1276 4298 quoad
1288 4217 1473 4280 Cstltolicos
1487 4229 1591 4279 sutem
1605 4217 1688 4280 inter
1703 4217 1733 4279 se
1750 4233 1861 4284 monet
1875 4225 1965 4303 antiq·

647 4293 728 4367 Jnris
743 4291 1067 4378 senonici-dispositio
1084 4314 1094 4368 3
1117 4295 1269 4382 suspensio
1282 4301 1352 4363 haee
1365 4300 1401 4362 ad
1416 4298 1607 4362 antleabilem
1621 4317 1723 4378 usque
1734 4303 1964 4383 compositione

648 4373 756 4436 dilltdii
770 4373 934 4452 religionis
947 4385 1057 4440 durare
1075 4383 1287 4454 censebere,
1308 4383 1347 4446 A.
1364 4382 1400 4445 C.
1415 4381 1545 4444 addistis
1561 4378 1749 4442 sufficienter
1766 4385 1933 4466 prospicit,
1950 4404 1965 4452 o

648 4487 710 4550 quc
725 4488 778 4547 per
796 4479 833 4526 >nr
849 4469 1017 4549 suspensum
1033 4471 1237 4533 obtinuerunt
1252 4475 1355 4541 idern.
1376 4475 1460 4552 quod
1478 4493 1532 4555 per
1545 4457 1583 4533 vi
1601 4471 1752 4534 sublatum
1769 4473 1802 4534 'tn
1818 4475 1965 4542 trodonei

647 4549 841 4634 propositum
863 4552 1077 4620 intenderunt.
1101 4551 1319 4636 catholicique
1342 4554 1424 4614 snam
1449 4557 1669 4618 conscientiam
1694 4555 1874 4632 solverunt,
1901 4563 1964 4624 inc

649 4635 736 4716 quod
749 4653 815 4695 non
833 4631 1025 4709 sustulerint,
1045 4633 1140 4706 illud,
1161 4635 1197 4697 od
1212 4637 1296 4718 quod
1312 4636 1487 4700 tollendum
1505 4639 1624 4702 nullum
1640 4633 1693 4716 jus
1708 4634 1900 4710 habuerunt.
