4950 5567
632 599 707 698 4t4
794 541 797 546 ’
1082 559 1723 676 nissaurn'rto-

638 773 723 848 nulli
734 767 979 846 subordinatum
992 771 1227 869 Majellatique
1242 773 1395 848 aemulam
1410 768 1678 868 superioritatem
1692 761 1941 838 territorialem
1957 761 2103 864 possident

638 895 755 944 contra
769 870 860 961 leges
880 868 1049 964 publicas,
1075 895 1190 943 contra
1210 869 1329 963 legale'
1340 869 1516 942 amborum
1535 863 1770 962 supremorum
1790 863 1939 959 Imperii
1957 865 2106 958 Collegiu-

640 993 717 1041 rum
737 964 948 1044 conclusum.
973 993 1091 1042 eontra
1115 966 1220 1067 ipsam
1242 968 1424 1040 Calnream
1450 961 1705 1037 ratificationem
1727 959 1968 1034 incessabiliter
1988 963 2106 1060 incapte

641 1066 811 1147 redditur,
835 1065 1013 1160 omniaque
1035 1064 1189 1164 suprema
1212 1090 1280 1139 tam
1302 1070 1336 1136 in
1355 1059 1606 1140 Ecclefiallicis,
1632 1082 1732 1153 quam
1748 1061 1782 1128 iu
1798 1060 1953 1155 politiora
1968 1063 2116 1133 acoen-

640 1163 783 1236 numicis
801 1163 958 1236 intuitum
983 1165 1016 1233 in
1041 1164 1252 1256 Religionem
1275 1164 1329 1236 vel
1353 1163 1530 1233 minimum
1556 1154 1754 1232 habentibus
1780 1153 1930 1254 poteslas
1955 1157 2106 1232 adimitur.

641 1261 730 1330 Cum
751 1259 841 1354 juxta
857 1256 962 1354 ipsam
978 1257 1222 1336 confessionem
1239 1262 1410 1355 Anonymi
1436 1283 1500 1354 pto
1519 1258 1618 1335 Deo,
1644 1251 1773 1328 Caesare
1791 1255 1825 1327 dt
1847 1256 1982 1336 Patria,
2006 1253 2060 1326 ubi
2077 1255 2106 1336 in

640 1353 762 1450 ¹[tinent
778 1353 914 1452 blasina
929 1358 1000 1436 uni>
1016 1356 1227 1452 thnunits
1240 1353 1425 1454 solliniaco
1444 1353 1528 1428 onai
1556 1349 1653 1428 filei
1672 1348 1778 1432 ntbtn
1795 1343 1982 1443 bttltltcttn
1996 1345 2106 1424 As*

640 1457 785 1527 ratione·
799 1453 865 1526 Afi
889 1479 964 1550 pag.
979 1471 1037 1541 48.
1065 1460 1131 1539 ait,
1154 1459 1243 1529 inter
1267 1457 1338 1528 hee
1360 1454 1496 1551 politica
1518 1377 1592 1522 ste
1615 1471 1681 1518 non
1704 1445 1841 1521 existere
1865 1443 2002 1532 casnm,
2021 1469 2105 1545 qun

560 1643 567 1664 Ι
642 1573 713 1626 non
727 1549 768 1624 ad
785 1549 915 1629 causatu
930 1552 1117 1652 Religionis
1132 1550 1261 1631 diresle
1274 1552 1328 1630 vel
1341 1545 1505 1628 indireile
1521 1541 1745 1624 Protellcntct
1757 1543 1925 1624 reducere
1939 1545 2055 1622 mlino

1276 1786 1310 1890 q.
1359 1775 1493 1858 xxtt.

761 1952 861 2024 Hanc
874 1947 1035 2026 summam
1045 1947 1239 2048 poteslate'm
1249 1950 1441 2049 Principum
1457 1945 1693 2048 paciscentium
1710 1946 1745 2018 in
1758 1941 1947 2018 mediatum
1960 1937 2112 2040 ejumtofl

646 2043 812 2144 Principia
827 2051 1016 2141 Collegium
1039 2046 1211 2120 confiliare
1234 2045 1389 2120 iutit't'tum
1407 2047 1429 2120 fi
1449 2074 1515 2119 non
1532 2044 1677 2128 diretle,
1700 2042 1817 2117 saltem
1837 2037 2006 2115 indinelle
2022 2063 2115 2114 tran·

646 2135 750 2223 ferri,
772 2146 924 2240 illudque
944 2170 1046 2235 capax
1066 2144 1161 2217 reddi
1187 2141 1281 2243 posse
1304 2168 1477 2220 autumant
1500 2141 1737 2227 Proteslantet,
1762 2141 1956 2234 commmsetio
1979 2137 2115 2237 quoda

647 2241 733 2307 modo
758 2246 870 2311 omnia
884 2249 1017 2334 negotia
1031 2241 1355 2327 tamEcclestastiea,
1381 2269 1481 2341 quam
1496 2243 1634 2341 politica
1649 2240 1683 2313 dr
1699 2242 1903 2313 teeouomica
1914 2237 2115 2330 Religionem

646 2331 1066 2431 respicientia-inconsulto
1091 2344 1270 2439 Principe,
1304 2338 1514 2414 solummodo
1535 2338 1745 2436 exequendi,
1776 2335 1876 2409 &ad
1906 2333 2014 2408 finem
2033 2331 2115 2406 mun

646 2432 865 2527 perducendi.
913 2437 977 2509 Sed
992 2439 1062 2510 bate
1077 2441 1206 2520 omnia,
1232 2463 1306 2512 utut
1321 2445 1421 2514 etiam
1436 2440 1478 2511 de
1493 2436 1594 2510 causta
1607 2461 1699 2509 mere
1713 2431 1945 2507 Ecclesiasticia
1960 2425 2115 2519 intellelln

647 2532 842 2626 neutiquam
858 2534 898 2605 ad
917 2531 1051 2630 politica
1068 2539 1304 2622 extendantur,
1330 2533 1635 2609 fundamentalibus
1643 2534 1784 2628 Imperii
1798 2529 1931 2624 legibue
1947 2525 2115 2626 refragari,

647 2625 683 2696 in
699 2631 968 2702 antecedentibus
986 2631 1031 2704 fat
1044 2632 1279 2728 probavimus,
1303 2632 1361 2705 ubi
1379 2658 1432 2707 res
1449 2638 1550 2706 etiam
1564 2625 1902 2704 mereEcclefiollicas
1917 2621 2115 2700 intuitusub·

649 2721 796 2797 diturum
806 2726 1061 2802 Protellantium
1080 2731 1113 2800 in
1129 2727 1222 2803 sensu
1236 2731 1489 2804 Catholicorum
1505 2752 1600 2826 eque
1616 2753 1653 2801 ae
1668 2723 1926 2799 Protestantium
1945 2723 1988 2795 ad
2003 2721 2115 2816 regali!

646 2823 886 2917 principaliora
896 2831 1048 2897 Statuum
1061 2830 1112 2896 Itn
1141 2830 1201 2898 erii
1219 2829 1320 2900 trium
1330 2829 1543 2920 Religionum
1553 2822 1815 2920 Christianarum
1829 2819 2039 2894 reducendos
2051 2813 2115 2903 esse,

647 2939 687 2987 ut
705 2918 828 3008 regalia
847 2920 974 2992 summa
993 2948 1029 2992 ac
1055 2851 1285 2995 inasdicabilia
1310 2925 1524 2998 ostendimua
1581 2929 1640 2995 Ne
1665 2946 1746 2993 vero
1771 2945 1832 3017 per
1857 2920 1932 2990 haec
1958 2901 2115 3000 vocabula.

647 3017 836 3110 tatttntfftrit
862 3023 947 3087 mado
975 3017 1154 3092 benet-olus
1174 3020 1281 3093 leslor
1296 3027 1329 3093 in
1345 3023 1528 3104 sinistrum,
1555 3044 1611 3092 aut
1633 3024 1840 3115 equivocum
1862 3013 1994 3088 sensum
2009 3013 2115 3087 deduci

648 3133 767 3207 queat;
794 3112 977 3186 latitantem
989 3114 1047 3187 sub
1057 3115 1144 3190 hisce
1160 3118 1330 3192 vocabulis
1345 3119 1498 3193 subtilem
1509 3115 1763 3190 Proteslantium
1778 3116 1984 3195 illationem,
2008 3114 2115 3185 clarita

648 3207 693 3278 ob
709 3211 824 3281 oculos
848 3234 990 3306 ponere,
1015 3214 1154 3311 ejusque
1169 3219 1237 3288 vim
1260 3240 1422 3291 enervare
1443 3211 1605 3289 necessum
1627 3217 1709 3288 erit:
1735 3211 1795 3309 ipsa
1809 3216 1919 3293 enim,
1946 3213 2030 3282 dum
2043 3211 2115 3282 dite

648 3299 736 3374 flam
748 3304 884 3379 illorum
898 3307 1025 3403 jurium
1038 3310 1279 3388 abdicationem
1295 3315 1525 3388 c'onttaStatus
1535 3310 1716 3384 defendere
1729 3307 1946 3393 nonaudent,
1974 3305 2114 3386 asserunt,

647 3398 803 3497 suprema
828 3405 898 3477 haec
915 3405 989 3501 jura
1014 3435 1080 3478 non
1101 3407 1276 3483 transferri
1294 3416 1326 3482 iu
1349 3411 1539 3502 Collegium
1560 3411 1697 3502 aliquod
1718 3404 1888 3480 confiliare
1910 3408 2114 3506 intimutqeo

647 3499 769 3584 modo,
785 3523 822 3574 ut
832 3500 907 3598 jure
917 3504 1060 3599 quodam
1071 3509 1210 3603 proprio
1225 3508 1462 3607 independenti
1472 3533 1508 3581 ac
1518 3506 1722 3604 Majestatico
1737 3528 1805 3576 tam
1818 3501 1919 3601 super
1929 3499 2114 3600 sacraqunt

647 3592 750 3692 super
767 3596 907 3695 profana
925 3600 1119 3698 disponere,
1136 3603 1279 3677 liberum
1296 3633 1332 3679 ac
1355 3610 1522 3700 integrum
1539 3605 1594 3688 fit,
1612 3602 1665 3677 sed
1682 3628 1720 3675 ca
1736 3606 1771 3673 in
1787 3598 1861 3672 aliu
1873 3603 2009 3697 primo,
2025 3595 2114 3678 idest

639 3691 764 3767 'habitu
780 3722 816 3768 ac
828 3700 939 3772 radice
955 3722 1057 3794 penca
1073 3704 1262 3798 Principem
1278 3703 1416 3778 etislete
1428 3728 1465 3777 cc
1481 3726 1699 3800 permanere,
1724 3698 1834 3797 quoad
1850 3696 2062 3771 adunaverat
2074 3693 2114 3768 se·

550 3862 554 3872 ,
645 3793 848 3872 ¹cundumita
863 3793 895 3866 se
909 3794 1062 3868 abdicare
1077 3796 1167 3894 polse
1179 3804 1382 3899 Principem,
1400 3824 1438 3875 ut
1454 3801 1555 3874 totale
1567 3796 1822 3890 borumjurium
1831 3798 2030 3870 exercitium
2039 3815 2114 3868 com·

648 3887 810 3972 missario,
837 3892 988 3984 delegato
1008 3920 1045 3965 ac
1065 3894 1221 3970 mandato
1271 3897 1380 3971 torsus
1398 3900 1500 3971 modo
1521 3902 1554 3968 in
1574 3897 1762 3988 Collegium
1783 3892 1957 3966 confiliare
1971 3896 2114 3965 intimum

615 4017 623 4026 “
650 3984 692 4056 fib
705 3987 776 4083 lPs⁰
792 3986 1029 4075 “⁰¹¹⁵ferfllur2
1044 3991 1183 4090 ejusque
1197 3924 1401 4091 dilbosttioni
1415 3998 1511 4067 unice
1525 3998 1753 4066 committatur
1768 4017 1805 4065 ac
1820 3991 2045 4088 relinquatur.
2075 3994 2114 4060 A!

648 4082 729 4156 huic
754 4109 951 4177 argumento
971 4092 1016 4160 ita
1039 4087 1300 4184 furmatofaeile
1315 4092 1361 4165 cst
1376 4090 1594 4187 respondere:
1621 4116 1680 4163 nos
1704 4093 1738 4161 in
1762 4088 2021 4161 accidentalibus
2032 4089 2113 4162 ,ulna

648 4181 879 4273 indulgendis,
904 4190 1064 4282 quamdiu
1089 4186 1307 4260 substantialia
1328 4215 1401 4288 non
1425 4192 1654 4283 attinguntur,
1680 4213 1746 4259 non
1768 4187 1852 4259 adeo
1877 4183 2033 4259 difficiles
2052 4177 2113 4262 elles

649 4281 731 4374 quin
750 4285 818 4352 imo
833 4284 866 4352 in
880 4283 990 4353 verbis
1006 4308 1072 4355 tant
1091 4286 1147 4356 diu
1164 4282 1298 4369 faciles,
1313 4289 1473 4383 quamdiu
1489 4292 1523 4358 in
1540 4312 1576 4359 re
1591 4289 1823 4367 convenimus,
1843 4281 1951 4380 usque
1966 4284 2047 4356 dum
2059 4299 2113 4354 uon

648 4381 855 4462 nominatio,
869 4379 924 4449 sed
939 4386 1109 4472 negotium
1125 4384 1157 4454 dt
1174 4409 1228 4455 res
1244 4385 1312 4480 ipsa
1327 4383 1560 4458 consideranda
1570 4388 1725 4467 veniunt;
1750 4406 1825 4453 nam
1841 4381 1976 4475 dejure
1988 4401 2113 4458 cerrum·

649 4475 863 4570 expeditum,
887 4502 923 4548 ac
940 4502 1030 4549 extra
1045 4505 1179 4551 omnem
1204 4481 1419 4556 dubitationis
1447 4484 1551 4555 aleam
1573 4478 1793 4578 pofitumest,
1818 4481 1930 4577 quod,
1957 4475 2113 4578 quamptl·

649 4591 745 4645 mum
760 4573 1008 4652 commissarius
1027 4600 1093 4650 tatu
1108 4579 1230 4654 liberat
1247 4605 1283 4656 ac
1305 4577 1503 4658 itresstiflaa
1526 4604 1644 4655 manus
1667 4580 1809 4675 occipit,
1832 4600 1872 4651 ut
1888 4575 2113 4654 committenti

2053 4667 2113 4746 aad
