4950 5567
886 417 935 460 f
993 465 996 474 ι
1071 473 1074 480 .

508 614 774 706 oronnae
797 611 1170 702 attonsorum
1186 615 1717 706 nuuronnonmnn.
1735 629 1801 707 ec.
1836 640 1930 737 5⁶7·

527 815 623 890 quam
642 795 768 951 promul
812 809 916 877 retur,
934 799 1117 886 Theologia
1137 777 1323 886 quibusdam
1341 801 1581 870 examinandam
1600 823 1620 868 a
1636 789 1668 870 se
1685 807 1792 875 datam
1813 809 1907 880 soille

526 888 594 973 ipse
608 899 640 951 te
668 897 748 952 atur.
812 888 875 950 erb.
899 884 1030 951 Dietoeis
1046 891 1108 950 aoe'r
1125 891 1211 950 einen
1218 886 1339 970 solcitn
1356 887 1560 952 oberreicstten
1578 886 1739 974 Rothsastlo
1779 895 1906 961 atsicsrm

525 970 751 1056 onsesrasicsaea,
774 970 839 1034 und
853 970 908 1033 der
921 969 1001 1034 Hail.
1016 965 1104 1035 Srsrrt'
1132 980 1166 1033 t·
1178 967 1240 1032 Ver
1265 971 1406 1054 ondigen
1418 970 1484 1034 ond
1496 970 1684 1037 tenoemteo
1699 913 1836 1041 Laire'rn
1854 999 1901 1042 zo

522 1054 646 1204 Zeten
665 1049 816 1138 desasto,
846 1051 910 1116 and
934 1065 992 1116 aas
1014 1047 1107 1198 dayes
1126 1071 1162 1116 ea
1185 1051 1232 1117 Re
1245 1054 1335 1116 atlon
1349 1052 1449 1150 sontes
1465 1073 1675 1128 oeraommen,
1704 1057 1770 1144 doss
1783 1059 1902 1142 solabar
1963 1073 1971 1103 ¹

580 1130 715 1219 tsasoisag
728 1169 744 1185 ·
754 1162 770 1183 a
785 1133 878 1218 arista·
893 1133 1029 1198 ovohrea
1066 1134 1236 1218 triflttclun
1250 1137 1394 1220 Religion
1407 1135 1472 1200 aad
1484 1133 1639 1199 Jnrctm·
1649 1136 1733 1201 Lelar
1744 1142 1826 1204 nicht
1839 1162 1901 1205 zu-

521 1226 578 1284 oor'
616 1218 708 1293 νέᾀ.
722 1219 850 1282 unicum
865 1215 976 1291 restat,
994 1219 1080 1300 quod
1095 1219 1232 1281 tacendo
1245 1219 1406 1302 praeterire
1417 1238 1485 1282 non
1501 1217 1680 1302 possumus,
1698 1221 1801 1306 inquit
1813 1227 1900 1292 enim

521 1301 586 1368 Le.
599 1298 715 1367 lllustr.
731 1299 933 1366 deduttionio
949 1300 1074 1364 Autora
1105 1298 1174 1365 Der
1194 1301 1254 1366 Ην.
1276 1300 1425 1367 Sinceruo
1438 1299 1562 1386 spririt
1577 1302 1635 1366 dor
1653 1301 1899 1373 lustramentum

520 1379 613 1452 Facit
636 1384 785 1449 verordna
802 1385 833 1448 in
854 1383 888 1466 δ.
905 1381 962 1456 Jue
982 1378 1221 1459 Dioecesanum,
1259 1382 1330 1468 dosa
1351 1386 1401 1450 die
1433 1383 1657 1467 protestimde
1686 1377 1896 1454 Unttrtsroaeo

521 1465 608 1544 (ΝΒ.
619 1481 652 1532 tr
664 1469 747 1532 redet
760 1466 828 1530 sisar·
837 1469 980 1530 vonosen
994 1465 1201 1530 oneratam
1216 1465 1434 1534 universaliter
1446 1467 1523 1531 olane
1533 1468 1636 1551 aiaige
1648 1467 1820 1536 Reflexion
1837 1475 1900 1553 aas

518 1545 716 1616 ocustarum
729 1551 815 1614 Anni
828 1550 979 1614 normalis
991 1568 1036 1612 zu
1049 1547 1190 1630 muchan)
1203 1570 1266 1614 aar
1276 1554 1310 1614 in
1324 1550 1416 1615 denen
1429 1550 1539 1615 Foslen
1553 1567 1614 1614 oon
1627 1550 1682 1614 der
1691 1551 1709 1627 J
1711 1553 1895 1618 urisdidtio·
1980 1561 1983 1566 ’

516 1647 561 1697 ne
579 1632 794 1698 Ecclesiastica
810 1633 895 1695 ihrer
922 1630 1123 1714 cataclistica
1142 1629 1289 1697 Modra·
1302 1633 1423 1697 Herren
1442 1635 1573 1698 eximin
1586 1629 1665 1717 scyta
1684 1635 1807 1717 fositan,
1837 1639 1894 1721 qni

516 1711 735 1800 Augustanam
759 1713 995 1779 Confeffionem
1018 1714 1216 1860 alipnatenua
1237 1735 1305 1779 non
1327 1729 1541 1791 concernunt,
1569 1734 1694 1782 worout
1711 1719 1891 1786 tabernaclo

514 1797 568 1865 dit
587 1797 681 1883 teger
694 1795 777 1863 ,aotlr
795 1797 897 1877 faiam
922 1793 1041 1880 Einsoll
1075 1799 1223 1872 ormiret,
1246 1799 1289 1864 E.
1311 1800 1421 1864 vverde
1442 1798 1578 1880 dodntrst
1596 1803 1630 1862 ia
1649 1801 1742 1865 denen
1761 1802 1893 1886 ildrigm

515 1877 629 1948 Folleo
643 1885 713 1946 dem
730 1879 986 1945 Laudes-Herm
999 1879 1049 1948 dit
1061 1878 1246 1954 Jurisdistio
1258 1881 1470 1946 Ecclenattica
1489 1881 1681 1946 disertillime
1694 1884 1889 1969 bastartigetr

513 1961 681 2048 Hingegm
701 1967 756 2028 der
767 1962 895 2028 ‘sextus
913 1962 1113 2027 lnllrumcnti
1126 1963 1213 2028 Pacis
1226 1963 1348 2029 hondelt
1360 1985 1422 2028 aar
1435 1965 1468 2028 in
1485 1964 1586 2050 specie
1600 1983 1659 2026 von
1674 1965 1891 2052 denanjcnr‘gen

522 2045 742 2118 Untartlaonen,
762 2049 816 2129 qui
830 2047 893 2111 Au.
910 2045 1000 2127 1624.
1017 2044 1263 2110 Ecclesiasticam
1274 2047 1528 2122 iurisdietionem
1540 2063 1761 2132 agnoverunt,
1776 2052 1907 2115 dolrercr

514 2131 572 2196 der
588 2130 647 2194 Ην.
661 2131 808 2195 Sincerua
825 2129 1037 2194 aParticulari
1051 2129 1089 2192 ad
1103 2129 1280 2193 universale
1292 2139 1393 2213 gontz
1406 2130 1563 2214 anricsrtig
1576 2129 1759 2216 geschsoffen.
1802 2136 1888 2198 Mul·

512 2221 582 2278 tam
598 2214 852 2299 probabilitatem
868 2214 963 2277 verba
978 2211 1049 2275 hacc
1062 2213 1095 2276 in
1112 2210 1141 2274 se
1156 2214 1339 2283 continent,
1363 2212 1412 2277 sed
1428 2231 1500 2276 cum
1516 2212 1578 2297 ipse
1593 2213 1694 2279 Perill.
1710 2215 1820 2280 Autor
1834 2217 1886 2281 ul·

513 2304 568 2360 tro
582 2297 736 2360 fateatur:
766 2296 825 2359 Die
838 2297 1019 2359 immediate
1032 2291 1313 2377 bernachfolgendt
1330 2291 1432 2358 Worte
1445 2298 1476 2358 in
1492 2298 1530 2360 iis
1544 2295 1663 2359 casibus
1677 2301 1776 2361 modo
1788 2299 1885 2366 urna

511 2377 731 2457 Jurisdittioni
745 2378 876 2452 subsint,
896 2380 1045 2442 trientem
1068 2396 1099 2441 cs
1119 2376 1194 2440 norst
1213 2376 1319 2450 mehr,
1343 2376 1413 2459 dass
1432 2377 1499 2442 sein
1517 2380 1629 2442 onders
1644 2379 1816 2462 subjeetum
1837 2389 1885 2450 ast

511 2463 570 2527 der
593 2461 694 2547 Gallis.
707 2463 893 2527 Ordinariua
915 2461 1065 2524 dorunter
1083 2459 1257 2542 indigitiret
1265 2456 1348 2543 sepe.
1390 2457 1428 2522 E.
1451 2460 1490 2522 de
1505 2459 1564 2522 hac
1578 2460 1804 2533 Jurtsditttone
1818 2465 1883 2530 Ec·

512 2545 681 2611 cleliastica
698 2555 848 2628 tanquam
862 2542 1000 2627 suspensa
1020 2562 1086 2605 non
1107 2543 1228 2606 valebit
1247 2540 1469 2624 consequentia
1492 2542 1530 2603 ad
1549 2543 1634 2606 illam
1654 2565 1697 2606 ex
1710 2543 1883 2619 Territoril

508 2623 587 2702 Jure
602 2627 742 2692 Seculari
753 2624 952 2697 restitutam.
975 2626 1148 2710 siquidem,
1181 2624 1236 2687 nili
1253 2624 1365 2688 Annua
1385 2623 1536 2687 normalis
1553 2625 1644 2687 aliter
1662 2626 1880 2708 constitueret,

508 2710 567 2786 Jus
584 2711 802 2775 Dioecesanum
817 2711 850 2774 in
871 2708 963 2772 nullo
975 2709 1046 2772 casu
1064 2710 1234 2773 obtineret.
1276 2706 1389 2772 Sensus
1405 2707 1503 2788 igitur
1516 2707 1666 2771 vocabuli
1684 2722 1881 2788 agnoverunt

507 2797 623 2858 unicus
638 2795 692 2860 ille
710 2793 771 2868 est,
793 2794 921 2876 quoties
936 2793 969 2857 in
982 2792 1080 2855 Anno
1100 2791 1282 2854 decretorio
1296 2793 1327 2853 in
1343 2791 1403 2854 hac
1417 2789 1471 2851 vel
1485 2789 1538 2852 illa
1557 2787 1657 2874 specie
1671 2807 1879 2872 agnoverunt

506 2873 622 2942 subditi
634 2875 692 2951 Jus
707 2875 946 2948 Dioecesanum,
969 2875 1050 2953 (lua
1066 2877 1149 2938 circa
1164 2873 1259 2939 Sacra
1271 2875 1354 2936 enim
1367 2873 1421 2937 hic
1434 2873 1526 2956 plane
1547 2891 1614 2936 non
1634 2880 1785 2955 putatur)
1799 2886 1878 2944 tunc

506 2959 598 3024 causa
612 2959 738 3034 Judicio
756 2958 904 3042 Episcopi
920 2960 972 3021 vel
993 2957 1174 3040 cognitioni
1190 2957 1364 3038 Regiminis
1382 2955 1588 3020 Ecclessastici
1603 2955 1797 3039 subjiciatur,
1815 2980 1876 3026 nec

457 3082 465 3098 ι
506 3035 1877 3126 transmissionemadCollegiaTheologorumpeterepossont,sed,fiinnegotioillopro

504 3143 620 3190 norma
628 3129 759 3210 ponitur
772 3123 1124 3208 AugustanaConsellro,
1134 3124 1173 3187 de
1181 3126 1310 3186 coeteris
1322 3121 1475 3186 Dioecesre
1483 3122 1565 3198 erit]
1568 3123 1715 3197 odicium,
1732 3121 1765 3186 dr
1774 3126 1876 3191 causae

504 3206 684 3292 Religionis
694 3230 722 3273 e.
732 3227 763 3290 g.
774 3207 968 3271 constitutio
979 3208 1201 3278 Ministrorum,
1211 3205 1227 3279 J
1232 3225 1268 3267 us
1280 3204 1537 3269 Patronatus&c.
1548 3225 1613 3267 non
1622 3205 1658 3267 ad
1667 3207 1820 3290 Regimen
1830 3209 1876 3273 se-

503 3287 1877 3375 colare,utiidfitinPrincipeseculari,sedpraeciseadllicalleriumEcclefiasticumEpi-

501 3373 593 3458 scopi
601 3377 747 3458 pertinet.
760 3373 835 3438 Nou
844 3373 926 3435 male
937 3372 1036 3456 igitur
1050 3372 1183 3435 sehabet
1195 3369 1358 3435 conclusio
1367 3371 1431 3442 illa,
1440 3371 1489 3433 sed
1503 3391 1574 3434 cum
1583 3373 1696 3436 iterum
1705 3371 1758 3436 hic
1772 3375 1803 3437 in
1816 3396 1877 3439 ex-

503 3460 656 3541 ceptione
669 3456 852 3528 versemur,
875 3474 946 3537 quae
970 3456 1113 3536 regulam
1131 3453 1285 3518 firmatio
1308 3451 1588 3529 JureTerritorio,
1611 3455 1765 3534 nescimus
1789 3459 1873 3523 unde

500 3543 664 3605 taxandus
677 3540 716 3604 fit
732 3541 887 3602 Dominus
902 3537 1062 3613 Sincerus,
1084 3537 1158 3600 dum
1173 3557 1189 3597 a
1205 3536 1403 3620 particulari,
1423 3547 1498 3619 puta
1517 3537 1726 3619 exceptione,
1751 3537 1789 3600 ad
1803 3543 1875 3605 uui·

499 3624 675 3695 versalem,
695 3623 750 3686 vel
771 3620 913 3704 regulam
934 3632 1156 3700 argumentum
1173 3619 1262 3682 suum
1282 3619 1421 3683 duxerit.
1463 3618 1524 3682 Sed
1546 3621 1616 3700 quia
1631 3631 1714 3683 onus
1735 3623 1872 3702 proban-

499 3707 553 3782 di,
579 3706 666 3790 quod
689 3706 883 3789 agnoverint
905 3702 1017 3766 subditi
1039 3702 1095 3777 Jue
1114 3701 1331 3766 Dioecesanum
1355 3704 1438 3765 inter
1459 3713 1562 3783 partes
1584 3701 1715 3775 subibit,
1736 3703 1767 3766 id
1792 3704 1869 3770 licet

498 3790 633 3853 dubium
655 3788 711 3863 slt,
731 3799 836 3851 tamen
863 3784 1090 3849 resolutionem
1116 3786 1265 3847 idoneam
1288 3783 1350 3866 ipsa
1375 3783 1534 3864 Analogia
1561 3783 1760 3848 instrumenti
1781 3787 1869 3852 Pacis

496 3871 696 3954 suppeditat,
727 3871 814 3951 qnod
834 3870 867 3932 in
888 3869 952 3931 hoc
972 3866 1058 3951 passu
1082 3866 1210 3931 subditis
1234 3867 1417 3930 incumbere
1441 3886 1524 3928 onus
1547 3867 1701 3948 probandi
1727 3865 1867 3944 adstruit,

498 3954 611 4036 quodsi
623 3955 709 4016 enim
725 3952 919 4016 contrarium
934 3949 1132 4032 amplefterie
1148 3949 1225 4013 illud
1237 3950 1387 4013 absonum
1403 3958 1436 4010 te
1449 3948 1575 4012 indubie
1587 3952 1684 4034 petit,
1705 3951 1791 4032 quod
1801 3951 1869 4018 Pax

496 4035 714 4121 Westphallca
730 4034 787 4097 fibi
807 4045 975 4179 tantopere
995 4031 1071 4096 ellet
1097 4032 1272 4104 contraria,
1296 4040 1333 4095 ut
1355 4031 1433 4095 illud
1457 4050 1541 4093 onus
1558 4033 1711 4112 probandi
1725 4036 1811 4114 qood
1832 4037 1867 4098 in

495 4120 535 4267 ἓ.
553 4140 604 4203 31.
627 4119 680 4182 hoc
695 4128 869 4181 tamennon
883 4137 899 4177 o
916 4116 1015 4201 flante
1028 4114 1157 4179 subditis
1172 4132 1284 4178 revera
1301 4114 1459 4196 imponit,
1489 4115 1619 4178 nuncin
1633 4113 1699 4179 hoc
1719 4113 1865 4197 praesenti

523 4202 699 4287 aragrapho
718 4201 860 4262 Domino
873 4201 986 4262 iterum
1004 4200 1188 4282 imponere,
1215 4196 1250 4260 dt
1265 4197 1319 4260 ille
1334 4199 1359 4278 p.
1374 4196 1448 4259 huic
1464 4205 1570 4280 aperte
1582 4200 1798 4261 contradicere
1811 4202 1863 4263 vi·

494 4286 620 4352 deatur.
677 4285 796 4363 Accipe
825 4283 923 4362 igitur
949 4284 1241 4363 interpretationem
1267 4281 1305 4341 ab
1328 4280 1418 4342 omni
1438 4281 1692 4344 contradictione
1712 4281 1859 4344 liberam:

495 4367 689 4447 Quicunque
703 4363 813 4428 subditi
833 4367 864 4427 in
881 4366 1070 4446 probatione
1087 4383 1150 4425 non
1164 4365 1338 4435 evincunt,
1362 4361 1449 4443 quod
1463 4363 1493 4423 in
1510 4361 1696 4444 poll'ellione
1713 4365 1861 4430 exercitii

493 4447 731 4526 Jnrisdidlionis
751 4444 994 4520 Eccletasttcae,
1015 4447 1069 4509 vel
1091 4443 1174 4519 Jaris
1190 4445 1357 4508 Sacrorum
1372 4445 1503 4526 proprio
1516 4444 1590 4517 Jure
1604 4445 1768 4507 constituti
1787 4444 1860 4510 sue·
1977 4453 1990 4477 '

493 4542 588 4606 runt,
610 4532 657 4595 illi
675 4550 716 4594 eo
738 4527 804 4612 ipso
818 4527 976 4603 latentur,
997 4530 1082 4612 quod
1102 4531 1132 4591 in
1155 4539 1204 4589 eo·
1218 4529 1313 4589 Anno
1328 4527 1463 4590 normali
1478 4525 1734 4600 Jurisdittionem
1752 4524 1882 4592 litesc-x

493 4614 647 4683 ssasticam
665 4612 813 4697 Episcopi
834 4613 1047 4692 agnoverint,
1073 4610 1174 4694 qualis
1198 4609 1301 4673 sensus
1317 4609 1352 4673 dt
1374 4609 1430 4694 ipsr
1450 4610 1671 4692 paciscentium
1693 4609 1790 4672 menti
1805 4629 1861 4692 per

493 4700 607 4770 onata
618 4697 663 4765 cst
679 4693 879 4772 consormla3
900 4693 1045 4782 Denique
1066 4713 1163 4762 nemo
1178 4692 1233 4763 sibl
1249 4695 1433 4780 persuadere
1453 4691 1574 4778 potest,
1595 4691 1652 4760 vel
1666 4691 1858 4858 huncpptpg.
