4950 5567
502 601 575 684 nu
589 598 753 702 Jusrts
773 544 990 683 antron.
1005 602 1170 686 turen
1184 603 1428 686 somnos
1440 609 1723 696 rrnntron.
1738 621 1807 702 ac.
1831 647 1905 727 445
2046 667 2050 674 -
2111 625 2115 632 ·

468 785 583 874 obant,
607 790 698 862 donet
720 793 777 862 vel
798 791 1047 885 particulariter,
1073 785 1191 874 idest,
1216 792 1253 862 in
1266 791 1380 889 aliquo
1396 793 1592 892 particulari
1610 797 1782 876 territorio
1789 852 1800 888 ,
1822 806 1907 882 inter

468 910 529 963 tter
552 891 742 960 immediatas
766 912 925 978 eorumque
951 888 1084 972 {abditos
1107 908 1211 961 inurat
1234 890 1373 982 consensu
1396 898 1490 966 aliter
1520 901 1581 966 erit
1604 917 1797 974 conventum.
1837 905 1905 974 Ex·

468 983 527 1064 else
541 985 597 1060 hic
614 982 752 1059 subditis
768 984 912 1056 liberum
929 985 1133 1080 relinquitur
1147 985 1444 1062 mutuoConsensu
1459 990 1555 1066 aliter
1569 1017 1645 1065 cum
1659 998 1808 1070 Domino
1826 1024 1905 1074 con·

468 1089 555 1169 tire,
579 1075 1133 1180 quaminP.W.conventumesl.
1186 1085 1225 1155 Id
1251 1083 1361 1184 ipsum
1382 1088 1523 1183 plurimi
1543 1089 1801 1166 Proteslantium
1829 1101 1904 1169 Do·
2014 1099 2018 1108 '

468 1209 532 1257 tres
548 1179 769 1264 confitentur,
790 1181 880 1273 quod
896 1181 1058 1252 nimirum
1081 1204 1168 1251 anno
1184 1181 1373 1256 decretorio
1390 1184 1496 1261 libere
1517 1191 1709 1262 renuntiare
1727 1187 1846 1288 polline
1865 1199 1903 1278 ii,

470 1305 570 1356 orum
585 1283 619 1353 in
638 1275 789 1353 favorem
807 1275 853 1351 est
867 1277 1069 1350 definitus*
1120 1279 1255 1351 Rationi
1276 1305 1358 1354 tero
1377 1284 1427 1354 tlli
1451 1309 1470 1356 e
1491 1287 1593 1356 trivio
1614 1284 1771 1360 desumere
1794 1289 1905 1388 ipsum

468 1405 562 1480 pono
592 1383 858 1450 Decretum
890 1377 1080 1447 Authorem
1110 1375 1385 1452 Proteslanticum
1416 1378 1605 1456 solidissime
1638 1380 1841 1459 resutanrem
1870 1391 1907 1464 δι

468 1500 636 1552 errantem
655 1479 689 1546 in
713 1473 779 1547 suis
799 1469 1095 1546 consultationibus
1120 1468 1305 1548 sorenfibus
1327 1481 1410 1575 Cap.
1425 1483 1547 1554 XLVI.
1574 1486 1628 1553 N.
1645 1497 1705 1562 28·
1744 1493 1827 1566 „An
1850 1513 1910 1560 ou.

467 1601 492 1650 tt
517 1577 582 1652 hoc
603 1570 678 1647 casu
700 1571 832 1670 semper
855 1570 1049 1669 praesumtio
1072 1595 1137 1666 pro
1158 1569 1297 1644 subditis
1321 1599 1439 1648 contra
1456 1581 1642 1650 Dominum
1668 1585 1908 1660 territorialem

468 1697 568 1774 opter
584 1671 702 1746 odium
726 1675 877 1743 innatum
900 1666 990 1767 quast
1015 1694 1131 1742 contra
1149 1669 1347 1763 religionem
1369 1671 1458 1747 asna
1482 1675 1663 1760 diversam,
1689 1679 1911 1756 inconsidera-

467 1799 515 1857 m,
540 1797 582 1845 ne
604 1770 731 1852 dicam,
757 1764 948 1841 seditiosum
971 1766 1054 1863 quid
1079 1763 1150 1838 est:
1184 1770 1298 1866 quid?
1335 1795 1460 1864 ergone
1481 1771 1603 1846 subditi
1624 1777 1732 1868 angeli
1749 1779 1907 1866 habendi,

467 1874 565 1945 nmini
581 1895 646 1970 pto
662 1865 829 1940 diabolis?
855 1870 990 1961 Ergone
1004 1865 1090 1937 bona
1105 1857 1188 1938 fides
1206 1863 1283 1938 solis
1301 1864 1440 1942 subditis
1456 1896 1566 1955 curte,
1593 1876 1754 1970 cordtque
1771 1902 1809 1947 ex
1850 1905 1911 1952 tae·

467 1974 609 2049 mrione,
634 1993 708 2063 quse
725 1966 910 2056 allegatur,
932 1965 1018 2058 juris
1035 1960 1098 2048 est,
1127 1965 1287 2037 Dominis
1308 1969 1577 2051 territoriorum,
1605 1970 1763 2044 &aDeo
1776 1903 1846 2050 ors

467 2096 471 2138 ι
490 2063 742 2162 Magistratibus
764 2061 832 2140 sola
854 2065 923 2146 vis,
949 2061 1064 2143 dolus,
1089 2086 1217 2145 metus,
1244 2061 1431 2154 concussio?
1466 2069 1602 2158 Ergone
1620 2071 1810 2162 Evangelici
1829 2076 1909 2148 Ele·

467 2190 558 2250 Dm,
581 2165 770 2260 Principes,
798 2166 926 2243 Status,
953 2161 1050 2232 Ordo
1071 2159 1243 2255 Equestria
1265 2162 1478 2235 immediatus
1500 2188 1577 2235 cum
1598 2161 1737 2237 subditis
1759 2167 1825 2241 suis
1849 2177 1911 2244 ca.

469 2266 566 2339 olicis
586 2266 620 2333 in
641 2267 726 2360 Jure
747 2260 781 2331 or
802 2258 930 2354 judicio
953 2255 1148 2354 composti,
1174 2258 1346 2355 iidemque
1366 2260 1531 2333 Catholici
1545 2261 1637 2356 juxta
1660 2260 1808 2339 subditos
1833 2265 1909 2343 suot

467 2361 628 2458 ugustanae
651 2353 870 2430 Consesbonis
896 2352 1104 2428 consistentes
1128 2354 1331 2438 nebulones,
1355 2355 1519 2439 latrones,
1547 2358 1772 2446 concussores,
1799 2364 1833 2436 ἂ
1856 2359 1928 2443 ἀφ’

466 2461 636 2534 ·aedrtotes
653 2462 687 2529 in
702 2454 805 2527 dubio
820 2453 965 2526 habendi
982 2475 1097 2535 erunt,
1121 2453 1227 2526 donec
1247 2459 1453 2527 contrarium
1476 2479 1592 2526 contra
1614 2454 1761 2530 subditos
1784 2465 1914 2557 pet-12.

466 2553 1040 2730 llbllllllllsslltlbtlt
1057 2547 1800 2817 ‘blllsssll‘glssliilllilnlll?
1820 2558 1913 2732 llll:

1049 2697 1059 2731 ’
1727 2703 1737 2735 ²

484 2755 582 2828 suum
605 2755 704 2824 etiam
722 2753 912 2847 Principem
930 2745 1161 2838 redundatuti
1175 2768 1327 2818 transver

470 2878 542 2927 atus
559 2853 699 2948 Imperii
715 2849 755 2920 ad
778 2846 985 2939 arguendum
1008 2867 1137 2917 metum
1161 2841 1228 2916 sola
1252 2845 1373 2917 idonee
1394 2848 1476 2927 erit,
1501 2871 1542 2916 an
1564 2844 1697 2918 nocebit
1712 2849 1857 2924 Statibus
1872 2857 1915 2929 ad

467 2954 617 3025 sidiam?
648 2947 689 3020 fic
711 2947 833 3019 scilicet
855 2947 1069 3016 dominantur
1094 2945 1251 3015 Dominis
1277 2939 1380 3026 servi,
1407 2943 1441 3014 cl
1467 2940 1612 3014 serviunt
1635 2942 1737 3019 servis
1761 2951 1915 3040 Domini,

466 3047 638 3124 rssumdata
658 3046 717 3115 illa
733 3043 881 3138 generali
897 3064 1010 3114 coram
1027 3044 1102 3112 Deo
1118 3040 1152 3112 ἂ
1168 3039 1360 3111 bominibus
1381 3039 1512 3136 publica
1530 3041 1563 3112 br
1580 3042 1701 3114 decora
1722 3069 1787 3142 pro
1804 3052 1917 3142 Magi.

466 3146 610 3226 ratibus,
633 3141 699 3215 fine
713 3168 778 3238 qua
796 3141 926 3212 nullum
941 3141 1093 3231 regimen
1114 3135 1283 3210 subsilere
1296 3137 1421 3235 potest,
1443 3141 1603 3235 opinione
1621 3139 1713 3212 &c.’‘
1762 3147 1811 3214 Ex
1826 3145 1917 3224 hisce

466 3251 540 3336 ‚itur
560 3241 608 3314 nil
630 3241 720 3313 aliud
740 3239 1031 3318 concludendum,
1063 3261 1164 3334 quam
1185 3236 1277 3333 quod
1302 3234 1540 3315 Proteslantet,
1566 3257 1605 3307 ut·
1632 3238 1850 3338 plerumque,
1870 3249 1918 3320 im
1965 3275 1971 3292 =

466 3347 541 3418 :hic
559 3338 626 3413 suis
649 3340 888 3411 convenientiis
910 3332 1069 3408 velificari
1091 3332 1269 3416 studeant,
1298 3359 1375 3407 cunt
1397 3331 1493 3430 pasla
1518 3331 1728 3414 subditorum
1755 3337 1921 3436 polseffio.

465 3467 514 3516 em
530 3441 564 3514 bt
579 3437 780 3530 religionem
795 3437 990 3507 exercitium
1008 3429 1167 3503 arslanria
1182 3429 1338 3504 omnibus
1355 3431 1463 3502 modis
1476 3430 1766 3519 circumscribere,
1782 3462 1923 3516 eorum-

465 3565 502 3614 ue
519 3538 669 3611 valorem
684 3532 874 3615 destruere,
897 3555 935 3604 ea
954 3555 1052 3612 vero,
1078 3554 1152 3626 quae
1164 3531 1219 3625 jus
1236 3525 1607 3604 reformandiStarunm
1632 3531 1832 3626 &regulam
1852 3559 1920 3614 ter·

465 3636 626 3711 ttotrelem
651 3629 879 3723 restringunt,
906 3624 987 3699 teste
1018 3632 1248 3725 experientia,
1274 3623 1471 3725 amplissime
1498 3629 1714 3724 interpretari
1742 3657 1923 3716 conentur.

466 3739 534 3809 icut
552 3756 635 3825 ergo
650 3730 850 3812 tenendum,
871 3723 966 3826 posia
983 3724 1174 3818 derogativae
1189 3721 1374 3824 possessioni
1392 3726 1425 3798 tit
1443 3728 1602 3799 exercitio
1620 3730 1792 3820 religionis
1807 3731 1922 3811 subcli-

465 3857 554 3907 otum
567 3829 677 3902 valida
699 3825 763 3900 elle
780 3850 790 3910 ;
822 3829 867 3896 ita
886 3847 1022 3920 quoque
1046 3824 1223 3896 dicendum
1239 3825 1281 3897 de
1295 3828 1354 3908 iis,
1374 3851 1448 3922 quae
1465 3827 1654 3896 aDominis
1678 3851 1755 3899 cum
1777 3833 1924 3910 Statibus

465 3926 705 4026 trotincialibus
721 3949 777 3996 aut
791 3921 928 3997 subditis
943 3920 1011 3996 suit
1025 3926 1108 3998 inita
1122 3927 1184 4022 Jus
1197 3918 1405 3999 reformandi
1422 3921 1622 4010 concellant,
1647 3924 1832 4004 dummodo
1846 3929 1928 4010 suos

465 4036 534 4106 ntra
550 4023 631 4101 fines
648 4021 832 4100 constllant.

1343 2773 1400 2819 unt
1425 2771 1524 2841 agere
1550 2749 1680 2845 potuit,
1707 2775 1747 2821 an
1771 2753 1915 2846 dignitas

1175 4151 1283 4230 tttt
1307 4180 1325 4250 3
1773 4123 1927 4260 §.vttc

497 4373 588 4450 'vm
602 4373 644 4444 D.
660 4371 801 4441 Mnrn.
820 4369 998 4439 Cantor.
1017 4361 1200 4440 Prnrrtr
1230 4357 1425 4452 cttluttnn
1453 4367 1505 4440 iti
1533 4369 1771 4454 sustinnisset
1797 4345 1927 4459 &tritu

562 4458 819 4534 klrmrntbin'oti
843 4459 872 4521 P.
887 4454 929 4519 ll.
950 4451 1036 4518 C.V.
1061 4459 1086 4536 i.
1099 4477 1146 4523 12.
1169 4479 1200 4540 p.
1213 4475 1264 4542 31·
1307 4453 1765 4522 litunfioaznoastaa
1785 4461 1924 4532 Hos-5.

562 4559 712 4606 sinunt
732 4539 797 4600 lCti
811 4537 1019 4619 Tubingentis
1036 4538 1213 4603 Comment.
1230 4542 1270 4601 de
1284 4538 1335 4616 die
1349 4538 1538 4600 Decretorio
1555 4539 1588 4620 3.
1602 4559 1652 4621 31.
1676 4539 1714 4604 N.
1726 4541 1776 4622 96.
1795 4564 1856 4630 pag
1873 4551 1915 4699 6}

563 4623 634 4698 los
651 4644 675 4683 r.
692 4621 917 4686 Hnnurnn.
953 4619 1198 4692 Bo'ruursnr
1216 4620 1357 4691 Censuit.
1372 4619 1408 4687 bc
1426 4619 1527 4688 Deris.
1545 4621 1625 4703 jutis
1640 4619 1757 4694 Eccles.
1770 4624 1926 4716 Resp.V,

566 4706 629 4792 Qu
641 4701 699 4780 tv.
720 4723 751 4790 p,
764 4723 835 4790 135.
856 4704 917 4789 seq.

1843 1983 1911 2050 ine·
2024 2035 2030 2050 ..
