4950 5567
435 609 513 712 ¹DE
539 605 830 688 LlBERTATE
856 613 1243 692 EchssiAsiicri
1266 618 1332 696 AB
1355 621 1658 706 ARCllllll'lSC.
1675 629 1743 709 dic.
1774 651 1852 738 487
1869 565 1875 692 -Ι

360 785 569 870 lllussrinrur
585 818 625 866 ex
641 799 865 869 monumentis
881 796 987 868 allatis
1007 822 1026 870 s
1042 802 1375 873 Wusowsiuio
1400 805 1486 877 Tarii.
1509 831 1541 878 e.
1557 811 1671 902 Selfid.
1687 817 1847 910 diplomat.

360 897 397 966 td
412 898 528 964 scieris
546 899 638 988 juris
654 893 762 980 Ecrlefi
783 901 927 966 German.
943 917 974 965 et
989 896 1102 982 Hister.
1121 899 1240 1010 Capite.
1262 905 1311 970 N.
1327 901 1458 972 LXlll.
1466 901 1551 998 seqq.
1605 913 1791 1010 Qousqug
1807 920 1843 992 in

360 994 503 1084 ¹Civitate
516 993 544 1062 F
546 986 785 1064 rancofunensi
800 988 983 1089 processum
1001 989 1121 1076 fuerit,
1147 1017 1191 1064 ita
1208 997 1243 1066 in
1259 995 1400 1091 diplom.
1423 1002 1639 1078 Cosasni
1657 1018 1755 1081 Arrii
1766 1057 1773 1066 ·
1785 1024 1843 1106 Ep.

360 1099 516 1183 Megari.
532 1089 573 1160 de
588 1116 674 1161 anno
696 1115 798 1182 ¹390·
815 1089 941 1164 ibidem
954 1113 1147 1164 enarratur:
1181 1093 1266 1174 „Ad
1286 1093 1431 1166 nostram
1453 1099 1638 1197 igiturjam
1660 1105 1786 1180 dudum
1807 1135 1843 1188 et
1977 1131 1981 1140 ·

360 1189 547 1276 „continue
564 1188 655 1284 quod
671 1188 824 1261 dolenter
839 1183 1019 1261 referimus
1031 1191 1234 1285 experientia
1253 1193 1354 1262 ctiam
1370 1191 1509 1280 docente
1522 1205 1677 1293 pervenit
1691 1211 1843 1282 notitiam

362 1287 485 1384 „quod
503 1281 656 1379 Magistri
675 1290 798 1358 civium
816 1288 948 1360 Scabini
969 1285 1129 1360 Consules
1146 1287 1291 1383 majores
1309 1312 1342 1359 er
1355 1294 1510 1386 pociores
1524 1321 1585 1368 nec
1602 1324 1670 1370 non
1692 1327 1843 1378 cominu.

361 1391 477 1470 „nitas
494 1387 528 1453 in
546 1382 637 1456 disto
649 1382 987 1484 opidoFrancksurr.
1008 1382 1117 1456 nnllre
1134 1383 1254 1457 diores.
1272 1389 1492 1483 temporalem
1510 1388 1542 1462 se
1557 1393 1680 1468 habere
1698 1399 1843 1496 potesla-

361 1507 463 1566 „tem
482 1485 715 1578 pretendentes
732 1482 857 1555 molesti
877 1481 1005 1554 fuerint
1019 1506 1051 1556 et
1067 1480 1140 1552 sunt
1158 1486 1317 1565 nimium,
1350 1484 1491 1558 ecclesiis
1508 1490 1715 1565 monasteriis
1732 1497 1844 1595 hospi.

362 1579 516 1662 „tslibus
531 1582 755 1653 Zenodocbiis
782 1605 817 1653 et
838 1579 987 1678 personis
1007 1578 1227 1652 ecclefiaiiicis
1251 1595 1318 1652 tem
1341 1584 1550 1674 regularibus
1571 1614 1672 1685 quam
1690 1592 1845 1670 seculari·

362 1677 456 1759 „bus
478 1679 603 1750 ibidem
619 1680 902 1751 commorantibus
920 1677 1018 1774 super
1038 1676 1190 1773 pluribus
1213 1701 1247 1749 er
1261 1673 1367 1752 infessi
1389 1678 1535 1779 ipsisque
1560 1712 1622 1781 per
1644 1693 1767 1763 multos
1789 1720 1845 1764 an.

362 1801 457 1857 „iios
470 1777 518 1847 ela
547 1777 585 1847 fis
601 1781 732 1850 notorie
750 1781 863 1868 gravia
879 1801 981 1848 onera
995 1798 1028 1846 et
1042 1800 1181 1847 munera
1201 1774 1451 1872 imposuerunt,
1480 1805 1513 1852 et
1535 1785 1643 1857 adhuc
1666 1789 1844 1886 imponere

363 1900 463 1956 „non
477 1802 613 1957 cessant.
644 1897 677 1948 et
696 1899 733 1946 ut
753 1900 791 1946 eir
810 1875 923 1946 multis
945 1871 1191 1965 gravaminibus
1217 1897 1251 1944 er
1272 1874 1430 1946 oneribus
1452 1902 1558 1974 panea
1583 1883 1845 1979 perstringam,
1876 1935 1881 1944 .

364 1999 452 2052 „eos
471 1974 600 2046 tallisnt
614 1970 773 2046 callesius
794 1995 827 2044 et
849 1972 1035 2044 exaliiones
1057 1969 1098 2041 ab
1119 1967 1195 2066 ipss
1218 1993 1253 2042 et
1275 1972 1317 2042 de
1338 1973 1525 2048 redditibus
1548 1977 1603 2051 seu
1626 1987 1845 2077 proventibus

363 2069 641 2168 „prebendarum
662 2096 695 2145 et
716 2067 955 2144 beneficiorum
979 2067 1116 2140 suorum
1130 2092 1164 2138 er
1182 2065 1333 2140 smiliter
1347 2069 1388 2141 de
1404 2070 1519 2163 legatis
1542 2078 1584 2146 ad
1602 2085 1676 2172 pios
1697 2080 1773 2153 usus
1795 2089 1846 2156 vi.

367 2168 517 2248 „delicet
535 2171 574 2240 ad
593 2172 746 2268 exequias
762 2194 795 2242 et
810 2165 1029 2239 anniversaria
1047 2162 1284 2237 desunslorum
1305 2170 1509 2260 peragendas
1529 2172 1570 2244 ad
1591 2175 1769 2250 luminaris
1792 2207 1845 2258 eci

367 2264 569 2348 „cleliarum
585 2266 708 2340 ibidem
728 2292 866 2339 necnon
882 2267 923 2337 ad
941 2262 1132 2363 elemosinas
1150 2261 1355 2359 pauperibus
1372 2269 1556 2360 erogandas
1572 2292 1698 2346 certam
1718 2283 1846 2374 portio'·

370 2391 473 2444 „nem
489 2363 545 2437 seu
560 2391 695 2462 quotam
711 2389 827 2437 contra
846 2367 1020 2436 canonicas
1036 2383 1069 2433 et
1085 2362 1251 2456 legitimas
1267 2357 1449 2434 sansliones
1464 2365 1616 2458 quolibet
1629 2399 1716 2443 anno
1735 2400 1751 2445 a
1767 2401 1850 2473 pen.

371 2459 545 2544 „sionatiis
564 2489 597 2536 et
612 2462 739 2538 crustis
753 2461 961 2536 ecclesarum
980 2486 1012 2532 et
1028 2461 1225 2530 clericorum
1246 2459 1388 2529 detineri
1409 2483 1442 2531 et
1463 2462 1520 2533 sibi
1538 2468 1721 2557 presentari
1741 2479 1850 2568 preci.

373 2563 515 2660 „piunr‚
540 2585 571 2633 ei
587 2563 627 2635 de
643 2562 793 2659 quolibet
805 2561 935 2633 maldro
953 2557 1088 2650 filiginis
1107 2557 1159 2630 vel
1184 2559 1287 2628 tritici
1308 2579 1342 2627 cr
1366 2554 1439 2628 sulio
1457 2557 1578 2655 quibus
1595 2563 1684 2636 disse
1705 2569 1848 2662 peil'one

374 2655 610 2738 „ecclesistice
628 2664 661 2732 iii
680 2659 745 2732 suis
765 2659 919 2731 domibus
942 2682 976 2730 et
993 2681 1068 2726 rum
1093 2654 1148 2727 sua
1171 2650 1296 2725 samzlia
1318 2677 1459 2726 utuntur
1481 2657 1534 2729 vel
1555 2661 1691 2754 triginta
1712 2666 1848 2742 ballers.

376 2759 486 2854 „quod
507 2758 689 2850 vulgariter
702 2765 846 2852 Melgelr
860 2756 912 2829 vel
929 2760 1068 2849 Salzgele
1076 2756 1268 2826 nominatur
1282 2749 1407 2824 ¹ibidem
1424 2779 1440 2822 a
1454 2754 1583 2838 clericis
1606 2783 1640 2831 er
1663 2759 1851 2838 ecclesisti.

380 2853 447 2934 ¹„cis
462 2855 612 2954 personis
629 2858 760 2930 notorie
773 2859 907 2946 exigunt
924 2879 957 2926 et
972 2875 1169 2949 extorquent
1185 2851 1246 2923 dec.
1258 2900 1279 2932 „
1329 2853 1416 2922 Cum
1438 2851 1558 2924 deinde
1580 2859 1703 2928 Ar'chi·
1715 2859 1850 2954 Epil'eo.

381 2972 434 3046 pus
452 2957 627 3030 Civitatem
642 2959 831 3046 gravamina
847 2977 1004 3050 reparare
1021 2947 1260 3024 derreciantem
1284 2952 1402 3046 poenis
1424 2949 1644 3024 ecclesiasticis
1665 2957 1853 3054 compesce-

383 3071 445 3138 rer,
471 3076 570 3149 atque
586 3046 694 3123 varios
711 3054 906 3123 nominatim
927 3049 1266 3121 excommunicatione
1282 3046 1459 3140 plesseret,
1482 3051 1515 3117 iii
1533 3047 1699 3124 subsecuta
1714 3079 1853 3153 compo.

385 3143 507 3228 stione,
534 3176 634 3241 quani
649 3158 704 3225 cit.
724 3160 827 3223 Aviti
843 3145 947 3222 refert
961 3155 1008 3219 N.
1028 3151 1091 3219 LX
1094 3154 1122 3222 V
1125 3154 1152 3219 l.
1168 3141 1373 3240 Raditung
1388 3149 1454 3219 bes
1466 3152 1546 3215 Cleri
1561 3157 1639 3225 ritib
1650 3155 1853 3245 aragistrm,

386 3264 421 3344 gii
432 3248 660 3345 stanesfurt.
681 3248 805 3320 nonnis
825 3250 864 3318 ad
881 3249 995 3317 decem
1012 3268 1114 3313 annos
1130 3270 1169 3313 ex
1184 3241 1466 3338 praetensionibus
1489 3241 1552 3313 suis
1569 3249 1697 3343 aliquid
1719 3252 1855 3329 remise·

386 3369 451 3420 ruris
469 3346 782 3428 Francofurtenlcs,
806 3334 978 3415 inanisello
994 3343 1103 3414 denuo
1119 3340 1226 3433 sgno,
1251 3339 1331 3433 quid
1351 3365 1389 3410 ea
1409 3363 1514 3415 aetate
1529 3345 1563 3414 in
1586 3345 1753 3443 eiusmodi
1774 3352 1855 3428 civi·

386 3445 493 3520 usibus
511 3472 574 3545 pro
591 3452 799 3520 immunitate
819 3438 1028 3517 ecclesistica
1050 3437 1175 3538 sperari
1191 3438 1353 3538 potuerit.

409 3632 414 3648 ⁸
473 3652 527 3720 Aa
543 3655 580 3728 il·
602 3669 632 3731 3.
647 3652 729 3714 Not.
748 3650 809 3713 M.
824 3660 855 3709 er
873 3645 920 3710 N.
980 3638 1161 3709 Societatcs
1184 3632 1262 3706 illae
1284 3629 1444 3730 opificum
1467 3635 1569 3707 variis
1586 3637 1693 3711 sdhuc
1711 3645 1855 3720 nomini·

381 3739 434 3818 bus
450 3747 483 3816 iii
499 3746 707 3815 documentis
722 3742 792 3809 aevi
810 3738 911 3808 medii
927 3757 1125 3817 occurrunt,
1151 3736 1201 3805 uti
1221 3732 1381 3826 (ῦίῑῦίη,
1395 3729 1624 3833 Jliiiimguns
1636 3733 1854 3842 Jnnsngem

375 3845 608 3936 fraternitates,
633 3865 774 3924 uniones,
803 3862 922 3928 corpora
938 3836 1111 3914 dicuutur,
1137 3835 1182 3903 ita
1199 3833 1287 3928 apud
1303 3836 1595 3904 Dnavniurr
1624 3844 1660 3906 t.
1680 3866 1711 3907 z.
1725 3863 1753 3932 p.
1771 3870 1856 3921 4²5·

379 3949 524 4014 litaniis
543 3943 759 4033 landgravius
782 3939 896 4028 liiffiae
912 3960 998 4005 anno
1019 3960 1030 4001 i
1042 3957 1109 4024 307
1138 3933 1172 4000 in
1189 3931 1341 4023 Diplom.
1358 3931 1421 3999 ait:
1448 3931 1569 4024 „quod
1593 3928 1707 4005 fideles
1725 3960 1755 4008 et
1776 3940 1858 4009 dile·

378 4041 477 4126 „slns
494 4037 623 4110 nnllros
643 4037 763 4107 veteris
779 4060 810 4103 ci
828 4036 903 4103 novi
929 4057 966 4101 eit
989 4032 1050 4100 alia
1078 4052 1172 4127 parte
1193 4027 1300 4098 Fulde
1319 4026 1525 4124 oppidorum
1541 4027 1730 4105 nostrorum
1750 4032 1854 4107 Cassel

377 4138 466 4225 „sub
484 4140 601 4232 gratiis
617 4160 650 4208 et
667 4133 873 4204 libertatibus
890 4131 1144 4226 quibuscunque
1164 4124 1275 4223 quood
1296 4127 1510 4210 fraternitates
1532 4151 1560 4196 er
1584 4157 1705 4199 uniones
1726 4156 1857 4219 eorum,

375 4263 496 4336 „quae
514 4237 696 4330 iginuntqe
707 4231 889 4323 vulgariter
902 4230 1058 4298 dicuntur
1074 4223 1230 4295 inicientis
1249 4249 1310 4321 per
1325 4248 1381 4293 eos
1398 4221 1520 4293 habitis
1544 4249 1578 4297 et
1594 4224 1727 4298 servaris
1752 4234 1785 4297 in
1801 4258 1856 4300 an·

373 4361 460 4422 „tes
475 4315 664 4409 constantes
677 4356 711 4403 et
726 4325 884 4421 generose
897 4327 1051 4399 volumus
1069 4320 1260 4394 conservare
1277 4316 1464 4416 praemissas
1480 4319 1779 4406 confraternitates,
1788 4330 1853 4403 liic,

374 4443 453 4510 Otto
471 4447 549 4507 Dux
567 4430 799 4521 Brvnfrviienfis
815 4452 901 4499 antio
925 4452 1025 4511 iaso.
1042 4447 1139 4492 vorat
1158 4424 1299 4513 gratiani
1325 4419 1487 4490 vendendi
1509 4446 1592 4516 quae
1615 4423 1796 4512 vulgariter
1809 4427 1856 4499 di·

371 4530 655 4631 citurJlim'nge
679 4531 711 4598 in
728 4530 953 4598 RETsseYu
968 4544 1008 4592 iti
1036 4527 1146 4592 Cliton.
1175 4525 1316 4608 Brunp‘iv.
1339 4545 1369 4588 m
1393 4524 1532 4612 Append.
1553 4544 1580 4614 p.
1608 4539 1646 4597 18
1653 4547 1707 4604 30.
1734 4527 1859 4618 lllirege
1887 4559 1889 4564 =

369 4637 534 4736 Epcliqes
553 4627 728 4728 Milstafit
748 4648 835 4706 seue
862 4648 967 4722 ispa.
991 4623 1055 4704 aiis
1083 4618 1283 4719 protestamur
1303 4620 1382 4716 qvod
1408 4642 1506 4692 emaci
1533 4616 1787 4714 confederationes
1807 4629 1860 4710 {rii

452 4743 456 4752 '
1443 4732 1455 4756 ⁸
1731 4742 1859 4820 remptr-
1914 4791 1920 4798 .
