4950 5567
623 600 700 680 ns
725 600 1015 681 sacrorum
1039 602 1233 686 ursona.
1256 607 1315 686 uu
1340 607 1586 694 constan.
1607 613 1774 698 count.
1791 618 1857 698 aa.
1915 647 1985 724 275

510 780 656 898 fliium,
685 781 718 856 dt
734 775 943 862 Cesareanos
958 787 1069 861 nimiae
1083 783 1273 877 facilitatis,
1298 797 1534 894 preceptionis
1550 795 1583 868 dt
1599 801 1850 902 precipitantiae
1861 825 1930 874 nou
1944 796 1994 880 se·

511 881 571 960 ml
583 878 838 965 infimularunt,

676 1050 845 1142 Referente
859 1051 974 1116 eodem
988 1053 1148 1120 Aorno
1163 1076 1251 1123 nna
1261 1079 1314 1128 nat
1333 1059 1433 1127 Relat.
1449 1059 1527 1145 Hali.
1547 1059 1619 1145 Cap.
1640 1060 1730 1127 XXI
1735 1059 1772 1128 V.
1789 1061 1822 1144 S.
1838 1059 1938 1130 XXI.

510 1205 1150 1412 fnleqlrsslcessdb‘1flludlnssmm‘mi
1165 1217 1257 1290 Paeia
1273 1241 1291 1292 a
1307 1214 1463 1297 Cesateis
1472 1216 1582 1295 denuo
1595 1220 1707 1295 Suesia
1715 1214 1854 1295 eslaibiti
1866 1215 1989 1291 XXIX.

527 1333 575 1386 ur.
861 1363 871 1388 .

675 1479 773 1567 Apud
792 1480 974 1548 unna
1009 1482 1091 1550 Tam.
1115 1483 1177 1552 IV.
1198 1502 1275 1572 pag.
1292 1486 1366 1570 962.

510 1629 729 1710 exhibuerunt
744 1634 965 1712 hisce'verbis
979 1665 1197 1739 conceptum:
1222 1694 1243 1726 „
1253 1648 1340 1715 Cum
1356 1661 1466 1713 autem
1475 1641 1508 1712 in
1516 1637 1771 1739 Episcopatibus
1780 1639 1983 1734 Magdebut·
1994 1658 2038 1724 Et
2049 1657 2125 1729 ιῑωῑι

510 1729 624 1826 „gensn
644 1733 833 1827 Hildrfienfi,
844 1734 1086 1830 osnabrugensi
1096 1792 1103 1821 ,
1114 1742 1278 1811 Mindano
1295 1737 1622 1812 &Helberlladicnst
1639 1748 1738 1812 Anno
1752 1745 1983 1814 MDCXXlV.
1994 1745 2055 1820 tio,

511 1855 588 1914 ,non
607 1827 717 1902 solum
732 1831 912 1904 catholica
928 1836 1129 1929 Religionis,
1156 1837 1325 1910 sedetiam
1340 1835 1538 1930 Augustanos
1553 1833 1772 1908 Conscffionis
1789 1841 1986 1910 exercitium

512 1926 706 2026 „publicum
721 1929 755 1999 in
768 1927 827 2002 usu
843 1927 965 2018 fuerit,
993 1959 1098 2030 porro
1115 1937 1214 2007 etiam
1230 1957 1378 2015 maneat,
1403 1938 1448 2006 ita
1464 1933 1619 2031 quidem,
1646 1956 1685 2006 ut
1698 1932 1851 2006 nobilitas
1865 1935 1898 2006 dt
1910 1932 1986 2006 sub·

512 2028 591 2110 „diti
608 2021 830 2122 Episcopatus
848 2027 1079 2114 Hildelienlis,
1104 2059 1169 2104 non
1186 2029 1588 2106 obslattteTransaflione
1602 2034 1690 2102 inter
1703 2037 1888 2103 Dominum
1905 2033 1987 2123 Epi·

511 2124 668 2222 ,scopum
687 2123 720 2195 dr
739 2129 847 2196 Duces
864 2127 1379 2220 Luncburgico-Brunsvicenses
1401 2133 1500 2213 inita,
1527 2153 1592 2225 qua
1617 2131 1811 2201 exercitium
1824 2126 1985 2222 Augusta·

511 2216 812 2306 ,aeeonfeffionis
829 2221 925 2295 dislae
941 2226 1107 2299 nobilitati
1124 2229 1164 2298 ad
1180 2233 1299 2311 LXX,
1323 2227 1460 2299 subditis
1478 2251 1559 2299 veto
1572 2226 1613 2296 ad
1629 2229 1697 2296 XL.
1714 2227 1869 2298 duntaxat
1883 2249 1986 2298 annua

511 2365 530 2404 „
593 2321 759 2402 mittitur,
783 2321 901 2392 eodem
918 2328 1075 2397 exercitio
1096 2325 1271 2399 indefinito
1291 2350 1444 2420 tempore
1463 2326 1629 2417 gaudere,
1652 2327 1848 2420 pariterque
1863 2327 1897 2394 in
1912 2319 1988 2419 pos·

513 2413 667 2502 ,effione
694 2416 931 2502 Ecclefiarum,
956 2423 1178 2504 Scholarum,
1209 2423 1459 2519 Hospitalium,
1477 2446 1594 2516 eoque
1617 2424 1858 2516 pertinentium
1882 2419 1987 2492 bono·

513 2539 625 2614 ,m
651 2513 870 2589 aedificiorum
897 2519 931 2589 dt
953 2543 1194 2616 proventuum,
1219 2519 1503 2614 quemadmodum
1530 2518 1646 2589 eadem
1671 2519 1713 2590 de
1732 2519 1851 2589 iisdem
1874 2515 1987 2611 dispo·

512 2617 597 2698 „nit,
624 2613 772 2712 relinqui
788 2613 946 2700 debeant,
965 2619 1103 2716 reliquis
1113 2616 1238 2689 ibidem
1252 2620 1416 2688 contentis
1431 2619 1464 2685 in
1478 2613 1663 2704 suovigore
1679 2613 1984 2708 permanentibus?

515 2709 637 2810 Quibus
663 2709 737 2783 sanc
754 2711 884 2796 verbis,
910 2714 1037 2787 indulta
1060 2717 1207 2788 exercitii
1233 2712 1443 2787 subditotum
1467 2710 1725 2784 Protellantium
1771 2711 1983 2807 erpetuitate,

467 2847 471 2902 t
515 2808 691 2908 inreliquis
707 2806 877 2882 Reeellum
894 2814 1008 2908 vigere
1023 2814 1222 2905 voluerunt3
1257 2813 1409 2914 adeoque
1430 2809 1608 2913 partialem
1633 2811 1705 2903 ejus
1729 2735 1987 2905 abrogationem

516 2903 658 2984 defluxae
678 2904 893 2986 admiserunt.

1149 3075 1179 3159 ς.
1227 3064 1347 3141 XVI.

616 3197 735 3298 Quid?
759 3197 848 3296 quod
860 3196 1346 3294 EleflorC0loniens1aLegato
1362 3196 1420 3271 suo
1434 3193 1978 3272 cancellarioBuschAttuo
2029 3165 2125 3278 Fiuall

515 3295 541 3368 la
560 3299 721 3370 mandatis
740 3297 862 3370 diserte
882 3299 1035 3380 dederat,
1062 3322 1100 3371 ut
1124 3301 1262 3371 alteram
1276 3295 1429 3372 Recelsua
1451 3297 1600 3391 ejusdem
1625 3320 1774 3392 partem,
1800 3296 1910 3393 quoad
1930 3291 2125 3375 saabrogaa

515 3396 708 3471 uultaneum
723 3395 899 3480 attinebat,
924 3396 1058 3495 publica
1071 3401 1170 3472 etiam
1188 3398 1262 3491 lege
1276 3393 1424 3495 exprelle
1438 3393 1566 3468 firman
1582 3395 1692 3471 denuo
1707 3394 1917 3470 allaboraret.
1989 3378 2125 3524 gffioffll

2088 3504 2100 3530 .

674 3562 749 3630 Vid.
763 3564 941 3628 Munna
966 3564 1050 3630 Tam.
1071 3564 1108 3631 V.
1131 3583 1205 3650 pag.
1219 3584 1292 3649 514.

509 3721 603 3820 Cujus
623 3743 806 3818 propterea
822 3719 1033 3819 oppositione
1049 3720 1152 3817 ipsam
1166 3724 1266 3795 etiam
1278 3717 1499 3794 Traslatuum
1515 3718 1794 3792 continuationem
1810 3713 1981 3790 turbatum

507 3819 567 3905 iti,
600 3845 669 3890 nou
696 3845 815 3913 parum
840 3819 1032 3892 metuebant
1056 3818 1208 3896 Caesarei.
1273 3825 1316 3892 Et
1338 3817 1452 3915 reapse
1479 3841 1595 3912 quarta
1624 3817 1732 3887 adhue
1757 3814 1981 3887 Mart.Annu
2099 3847 2110 3856 ·

505 3917 792 4000 MDCXLVlll.,
818 3921 932 4015 paucis
949 3918 1103 3991 videlieet
1119 3942 1193 3990 ante
1215 3919 1349 4011 plenam
1367 3912 1482 4012 pun'cli
1496 3916 1709 3986 Autonomiae
1728 3910 1981 3993 Conclusionem

503 4013 638 4102 diebus,
664 4018 701 4088 io
717 4014 833 4089 eadem
856 4014 914 4089 sua
927 4013 1131 4114 protestandi
1146 4014 1322 4092 insistentia
1336 4012 1619 4114 perseveraverat·

673 4181 748 4252 vta.
764 4149 877 4253 1321«
897 4184 1008 4250 casam
1025 4167 1099 4271 pag.
1113 4204 1186 4271 535.

498 4339 649 4430 Demum
665 4362 747 4413 vero
759 4340 821 4415 bae
835 4367 901 4414 noa
918 4364 1059 4423 attenta,
1085 4339 1210 4414 reliilis
1227 4364 1338 4414 tamen
1358 4331 1504 4435 expresse
1519 4336 1700 4412 Catholicis
1719 4358 1839 4409 novem
1856 4335 1977 4402 Mona·

497 4435 626 4520 sletiis,
651 4443 805 4535 quamvis
828 4449 928 4513 Anno
946 4444 1176 4511 Mucxxlv.
1193 4466 1211 4509 a
1229 4433 1486 4508 l'roteslantibus
1508 4432 1642 4529 possessa
1662 4431 1812 4510 fuissent,
1837 4434 1870 4498 in
1892 4451 1978 4510 eam,

496 4559 571 4630 quae
585 4561 677 4608 nunc
692 4543 770 4610 Art.
785 4545 823 4611 V.
840 4547 879 4620 li.
891 4565 907 4625 3
915 4566 948 4624 3.
966 4544 999 4608 in
1014 4535 1079 4608 fine
1096 4537 1221 4632 adjeila
1242 4536 1380 4625 legitur,
1405 4531 1581 4603 clausulam
1597 4526 1787 4604 consensum
1804 4523 1884 4605 fuit,
1912 4548 1980 4617 qua

495 4631 654 4711 Receffus
669 4634 761 4709 idem
776 4635 957 4711 Brunsvico
988 4633 1224 4724 l-lildestensts,
1241 4630 1574 4804 ldffidflemtium
1585 4628 1770 4721 Religionis
1784 4621 1981 4789 ibidfciqqtqg
