4950 5567
473 609 479 622 ·
579 613 635 704 ,c
853 547 874 728 ἐ
1032 601 1619 732 orssuura'tro

589 745 624 860 cst
639 785 761 862 annulo
774 788 925 863 manibus
938 787 1112 864 inserendo
1127 791 1376 888 exprimerent,
1401 811 1479 861 cum
1493 813 1536 862 ne
1549 788 1678 861 renitet
1691 786 1829 886 quidem
1844 787 1911 862 illia
1927 789 1961 861 in
1975 811 2077 862 men·

463 949 465 972 ,
590 909 676 969 tem,
702 886 781 964 dare
795 893 1084 963 Sacramentorum
1102 886 1249 986 aliquid,
1272 911 1330 960 aut
1345 884 1516 985 potestatis
1539 883 1655 969 sacre,
1680 912 1781 982 quarn
1803 890 1900 960 unice
1915 912 1935 957 a
1949 885 2077 959 confir·

588 987 736 1058 macione
751 989 969 1083 Superiorum
984 983 1284 1058 Ecclefiaslicotum
1301 985 1333 1057 u
1349 1010 1510 1057 manuum
1518 981 1767 1081 Episcopalium
1783 982 1873 1058 sacra
1888 989 1935 1056 im
1962 983 2081 1058 olitio-

590 1083 815 1176 pependere,
841 1081 939 1157 firma
953 1083 1019 1156 fide
1042 1083 1215 1170 tenebant;
1242 1081 1297 1156 sed
1321 1086 1462 1155 mittere
1487 1079 1701 1159 solummodo
1721 1082 1844 1157 uellent
1864 1009 2012 1156 eleisum
2031 1085 2094 1156 in·

589 1175 816 1276 polseffionem
836 1186 987 1255 omnium
1012 1181 1237 1278 prediorum,
1270 1182 1604 1278 &quorumcunque
1626 1202 1695 1252 tem
1744 1181 1868 1252 talium·
1889 1181 2077 1264 bonorum,
2111 1267 2121 1278 ι

590 1299 665 1372 que
681 1275 727 1351 est
743 1277 884 1355 Ecclefia
904 1283 1153 1374 Imperatorum
1171 1280 1203 1354 oe
1221 1282 1352 1373 Regum
1366 1277 1595 1352 munificentia
1616 1206 1809 1362 corissum,
1832 1285 1881 1352 ut'
1891 1276 2001 1376 probe
2018 1279 2080 1352 atl-

589 1377 692 1447 uertit
714 1379 774 1448 lvo
798 1374 1005 1450 Carnoteosrc
1020 1379 1100 1471 epist.
1120 1406 1138 1450 2
1142 1397 1203 1462 rr.
1234 1377 1307 1450 ibi:
1332 1401 1399 1450 cute
1417 1378 1480 1474 poll
1505 1382 1678 1450 canonicunt
1696 1383 1866 1448 eleliiunent
1881 1385 1981 1472 Reges
1999 1379 2079 1474 ipset

590 1473 764 1567 Apostolice
779 1477 966 1547 authoritate
983 1478 1418 1572 ecunceffioneipilcoputuum
1441 1480 1563 1547 minime
1585 1476 1748 1570 prohibitus
1772 1479 1954 1550 videmnus
1980 1481 2079 1570 Legi·

589 1575 750 1644 musenim
762 1569 869 1661 saniir
884 1573 1097 1645 recurserirtrtt
1109 1579 1241 1667 summos
1257 1576 1417 1660 Pontifices
1431 1576 1595 1667 aliquunde
1615 1596 1668 1667 pro
1686 1578 1786 1645 electis
1803 1575 2024 1665 Ecclessertttn,
2038 1591 2079 1646 nt

592 1673 636 1742 eis
657 1669 696 1742 ub
717 1669 786 1763 ipss
803 1675 931 1766 Regibus
950 1677 1160 1744 concederetur
1174 1675 1383 1768 Episcopatus,
1409 1676 1451 1743 ud
1468 1697 1540 1766 quos
1556 1677 1640 1743 elesii
1661 1692 1767 1752 erunt,
1787 1673 1990 1767 interceffiffet
2015 1675 2079 1742 uli·

590 1789 735 1860 querunt,
759 1772 831 1861 quie
853 1771 1035 1864 cunceffiones
1051 1779 1167 1865 Regum
1192 1775 1323 1842 trandum
1344 1769 1490 1862 consecuti
1507 1771 1668 1862 fuerunt,
1688 1768 1921 1854 consecrationes
1943 1767 2080 1862 diliciis

586 1862 648 1956 se:
672 1906 684 1917 -
709 1905 723 1919 ·
750 1907 759 1918 ·
789 1903 804 1922 ·
835 1892 897 1958 que
919 1870 1050 1961 concepit
1074 1870 1142 1954 five
1160 1869 1221 1960 fiet
1247 1893 1355 1949 menu,
1383 1869 1457 1958 five
1480 1873 1603 1962 lingue,
1620 1869 1693 1959 five
1715 1874 1832 1961 virge,
1854 1871 1928 1959 puis
1953 1867 2079 1960 referti

591 1985 659 2034 cane
674 1970 768 2053 Reges
780 1965 858 2034 niltl
869 1965 1071 2057 spiritualese
1086 1971 1158 2036 dure
1173 1970 1354 2039 intendente
1373 1967 1429 2056 sed
1443 1987 1564 2038 tuntunu
1579 1987 1635 2036 uut
1648 1970 1735 2037 vetit
1748 1973 1914 2060 petentium
1925 1989 2076 2049 annuere,

589 2079 647 2132 eut
665 2064 757 2130 viius
773 2063 989 2153 Ecclefiesticut
1006 2066 1042 2139 li
1054 2069 1117 2134 eliu
1138 2066 1214 2134 bene
1232 2068 1407 2150 exteriora,
1432 2089 1494 2156 pue
1517 2067 1554 2134 de
1575 2065 1781 2154 munificentie
1798 2071 1914 2157 Reguttt
1936 2065 2080 2138 obtinent

502 2173 506 2198 ¹
589 2155 723 2243 Ecclesia
736 2160 803 2244 ipsc
817 2165 918 2230 eleiiic
932 2165 1107 2244 concedere,
1132 2158 1213 2242 live,
1240 2181 1277 2234 ut
1292 2158 1385 2234 breui
1402 2157 1584 2234 &nervosa
1598 2184 1672 2232 rem
1691 2182 1796 2232 totam
1812 2159 1948 2233 conficit
1960 2157 2083 2234 distin:

591 2247 706 2328 silone
732 2255 1003 2329 Gorraruus
1028 2263 1421 2332 Vruuocrnansts
1447 2264 1478 2328 in
1496 2263 1657 2354 (qumod
1671 2264 1828 2338 cetimum
1846 2265 1894 2331 11.
1933 2255 2079 2334 Aliaest

591 2347 802 2434 investitura,
828 2379 901 2448 quae
918 2354 1121 2451 Episcopum
1141 2357 1364 2452 corporaliter
1386 2353 1507 2453 pascit,
1531 2356 1612 2439 alia,
1637 2381 1712 2453 que
1733 2357 1876 2429 eundem
1891 2352 2079 2452 spirituali·

590 2467 644 2518 ter
660 2445 806 2542 perficit:
833 2453 903 2524 luaec
927 2455 1088 2526 nimirum
1113 2456 1149 2524 in
1172 2453 1349 2525 collatione
1371 2452 1541 2550 potestatis
1564 2455 1707 2526 clarium
1733 2477 1795 2550 per
1819 2457 2081 2530 Sacramentum

593 2543 745 2618 Ecclesia
757 2547 958 2634 minislerio,
983 2551 1040 2623 illa
1056 2576 1136 2624 veto
1154 2553 1187 2622 ln
1206 2547 1409 2623 conceffione
1423 2546 1653 2646 possessionum
1668 2551 1702 2626 ἃ
1714 2549 1881 2628 bonorum
1902 2573 2080 2654 tempore·

590 2639 675 2720 llum
688 2669 753 2748 per
766 2646 980 2730 arbitrarium
992 2647 1182 2752 symbolum
1199 2673 1332 2723 umanu
1346 2651 1450 2748 Regia
1463 2648 1682 2728 contraditur.

1250 2885 1287 2972 5.
1331 2881 1418 2957 XX.

707 3030 830 3107 Preslo
843 3030 925 3108 sunt
945 3058 1051 3132 porto
1074 3033 1205 3110 decreta
1226 3033 1426 3109 Pontificum
1441 3003 1731 3134 &spiscnporum
1750 3034 1838 3108 circa
1860 3058 1977 3110 omnes
1996 3032 2080 3112 fere

590 3152 647 3204 res
670 3132 892 3229 temporales3
917 3159 1030 3231 paucte
1055 3132 1191 3208 viciffim
1216 3132 1291 3207 sunt
1319 3131 1528 3228 spirituales,
1561 3137 1660 3206 etiam
1683 3137 1769 3205 circa
1797 3137 1966 3232 precipua
1990 3131 2079 3210 fidet

588 3229 716 3324 capita,
739 3232 825 3302 circa
845 3256 927 3328 quas
950 3257 1017 3304 non
1036 3235 1178 3327 legimus
1200 3234 1291 3325 leges
1312 3236 1560 3326 Imperatorum
1585 3231 1828 3328 &Principum
1850 3229 2076 3308 secularium.

589 3327 676 3402 Huc
694 3326 805 3421 legum
824 3326 1118 3402 Ecclesiasticarum
1135 3330 1168 3402 o
1186 3328 1391 3403 secularium
1405 3325 1493 3423 quast
1511 3325 1658 3399 confusio
1679 3331 1766 3400 circa
1783 3355 1836 3400 res
1851 3330 1984 3402 easdem
2001 3327 2077 3428 spi-

590 3425 728 3498 rituales
745 3449 801 3499 aut
816 3425 1017 3522 temporales
1037 3452 1103 3499 non
1118 3430 1227 3500 oritur
1242 3451 1281 3500 er
1294 3429 1512 3522 corruptione
1530 3429 1749 3518 superiorum
1766 3425 2073 3504 Ecclestallicorum

591 3521 627 3598 ἃ
641 3525 854 3619 Principum,
879 3525 1019 3620 quinon
1039 3522 1247 3599 consistentes
1263 3527 1350 3595 intra
1366 3522 1489 3594 limites
1502 3525 1676 3620 potentie,
1702 3547 1802 3616 quam
1813 3529 1906 3597 Deus
1921 3523 1987 3598 illis
1999 3551 2077 3602 cre·

591 3620 697 3704 didit,
715 3624 794 3693 totis
809 3622 935 3694 viribus
959 3620 1207 3704 allaborarunt‚
1234 3643 1272 3693 ut
1291 3619 1491 3716 usurparent
1513 3618 1830 3692 administrationem
1846 3647 1863 3691 a
1881 3620 1936 3693 sua
1950 3625 2077 3700 autho·

591 3721 771 3793 ritatenon
789 3719 1009 3815 pendentem
1041 3718 1096 3792 sed
1118 3720 1314 3800 concordia,
1339 3742 1405 3814 qua
1419 3717 1517 3810 jungi
1540 3720 1681 3790 inuicem
1696 3717 1836 3800 debent,
1862 3717 2076 3810 &studium

487 3847 491 3870 ¹
589 3841 661 3914 quo
676 3818 812 3910 utrique
826 3814 1007 3892 secundum
1023 3820 1187 3916 Spiritum
1205 3819 1270 3889 Dei
1289 3813 1400 3888 officio
1414 3813 1471 3888 suo
1488 3813 1599 3886 facere
1617 3811 1691 3886 satis
1708 3814 1918 3908 satagebant,
1940 3843 2076 3913 germa-

586 3939 639 3986 ne
656 3914 730 3987 sunt
744 3915 843 4008 hujus
863 3912 1117 4014 conspirationis
1132 3911 1254 3999 causae;
1279 3917 1409 4006 Utique
1426 3912 1546 4008 populi
1563 3935 1628 3981 non
1645 3938 1712 3986 uno
1733 3913 1921 4012 codemque
1943 3915 2074 3995 affetu

588 4033 752 4106 aguntum
785 4018 887 4095 Sunt,
905 4039 990 4111 quos
1005 4037 1179 4112 punctum
1195 4010 1432 4107 temporalium
1452 4013 1555 4080 timor
1573 4006 1684 4082 officio
1700 4013 1887 4097 contineat,
1918 4018 1977 4110 qui
1996 4039 2075 4128 pte·

589 4133 648 4182 nas
668 4107 903 4184 Ecclesiasticus
919 4131 1190 4194 contemnerent3
1208 4110 1290 4179 alios
1307 4106 1383 4201 plus
1399 4129 1576 4203 permovet
1592 4132 1609 4178 a
1624 4105 1773 4180 fidelium
1788 4107 1943 4184 societate
1964 4111 2076 4210 seruu-

527 4273 533 4290 ,
590 4203 677 4290 aio,
700 4208 792 4278 velut
805 4233 926 4280 nervus
943 4209 1124 4306 disciplinae
1138 4197 1385 4286 Ecclesiasticae,
1407 4203 1441 4276 ἃ
1457 4205 1497 4274 ad
1512 4205 1726 4275 continendos
1742 4209 1777 4277 in
1796 4204 1909 4280 officio
1922 4211 2075 4308 populor

592 4305 689 4380 valde
706 4306 737 4376 u
755 4308 860 4396 magis
880 4307 1050 4378 salutaris.
1075 4329 1175 4403 quam
1191 4301 1357 4374 bonorum
1373 4300 1610 4398 temporalium
1624 4299 1765 4396 jaclura.
1815 4307 1994 4381 Haecause
2007 4312 2075 4384 lm·

593 4409 754 4500 pulcrum
770 4402 964 4486 Ecclesiam,
990 4425 1028 4474 ut
1046 4397 1171 4474 faceret
1187 4425 1225 4472 er
1243 4423 1339 4496 equo
1355 4397 1574 4492 protciiionis
1589 4422 1728 4474 munere
1746 4401 1878 4475 decreta
1892 4409 2077 4484 etiamcir.

584 4525 624 4572 ca
638 4502 853 4598 temporalia3
881 4502 1005 4573 eedem
1020 4497 1120 4570 cause
1140 4499 1312 4592 Principes
1326 4493 1546 4568 Christianam
1562 4496 1774 4592 Religionem
1795 4497 1996 4596 profitentes
2020 4511 2074 4582 in·

585 4598 749 4693 citaruut,
776 4622 813 4672 ut
830 4601 921 4698 leges
939 4594 1089 4676 facerent
1103 4600 1191 4673 circa
1204 4618 1260 4674 res
1281 4589 1410 4670 nonnisi
1428 4592 1627 4692 spirituales.
1680 4593 1799 4674 Ambe
1819 4599 2001 4697 potestates
2022 4608 2076 4680 iu·

1956 4728 2073 4784 iucem
