4950 5567
564 611 635 692 DE
651 608 815 711 JUSTIS
833 605 1053 690 PACTOR.
1070 605 1232 688 INTER
1248 585 1487 689 DObleOS
1501 610 1783 756 Tetarton.
1796 614 1864 694 dte.
1895 637 1969 724 443
2052 701 2056 708 ,

1045 810 1073 890 ¹.
1137 765 1180 896 ἰ.
1232 791 1311 868 tu.

483 933 487 940 '
598 921 697 1001 Palla
719 926 849 1024 privata
863 947 978 1001 eontra
993 924 1079 1000 milri
1102 924 1242 1001 dicenda
1256 925 1429 1012 ridentur,
1453 951 1528 1026 quae
1544 926 1632 1001 circa
1652 947 1706 1004 res
1720 929 1753 1003 ἄ
1765 929 1842 1026 jura
1859 927 1970 1006 subdi·

476 1047 589 1104 torum
610 1052 676 1100 non
700 1022 807 1100 solum
822 1027 910 1098 inter
925 1023 976 1109 se,
1009 1024 1066 1098 sed
1085 1029 1187 1100 etiam
1211 1051 1289 1099 cum
1306 1027 1462 1121 Principe
1482 1025 1673 1112 variantur,
1699 1029 1820 1125 quibus
1842 1029 1967 1106 scilicet

476 1126 525 1202 tel
542 1128 711 1198 Dominus
735 1125 776 1196 de
790 1121 849 1195 suo
871 1118 1080 1198 reformandi
1092 1123 1169 1222 jure
1185 1123 1267 1222 quid
1288 1128 1431 1199 remittit
1445 1129 1479 1195 in
1501 1127 1643 1217 gratiam
1657 1123 1882 1208 subditorum,
1908 1149 1968 1204 aut

476 1221 613 1299 l'ubditis
635 1224 729 1294 luunt
749 1222 923 1314 religionis
940 1224 1136 1296 exercitium
1150 1247 1270 1296 mutuo
1280 1221 1438 1297 consensu
1451 1222 1670 1318 restringitur.
1721 1228 1846 1299 Omnia
1862 1228 1969 1318 igitur
1981 1303 1990 1314 ,,

476 1318 591 1423 pasta,
614 1347 688 1419 quat
710 1324 799 1393 inte'r
816 1324 1004 1394 Dominum
1026 1321 1266 1395 territorialem
1282 1323 1422 1420 ejusque
1443 1326 1553 1394 Status
1576 1323 1798 1420 provinciales
1821 1347 1877 1396 aut
1892 1321 1967 1397 sub·

476 1421 564 1494 ditos
581 1422 833 1518 percutiuntur,
859 1418 1037 1516 paflorum
1052 1421 1264 1516 privatorum
1284 1417 1663 1501 numeroaccensemus‚
1690 1447 1727 1493 ac
1746 1422 1886 1520 perinde
1900 1415 1965 1498 effa

476 1518 650 1601 eredimus,
674 1542 744 1613 quo
763 1519 899 1590 nomine
910 1515 970 1589 illa
986 1517 1158 1610 religionis
1174 1515 1271 1617 palla
1283 1518 1509 1606 infignianmr.
1561 1522 1637 1590 Sive
1652 1520 1755 1614 igitur
1768 1516 1964 1594 transsiliu-

476 1641 571 1698 aum,
598 1611 662 1688 five
678 1611 881 1696 recelluum,
906 1613 972 1688 five
989 1613 1224 1702 reversalium,
1250 1615 1316 1690 stve
1331 1620 1505 1691 literarum
1520 1614 1797 1712 maiestaticarum
1811 1617 1963 1692 rubricae

476 1738 540 1811 proe
559 1711 591 1785 se
607 1709 733 1797 ferant,
748 1712 772 1785 st
788 1711 960 1806 obligandi
976 1707 1210 1785 auiloritatem
1224 1711 1370 1810 spedles,
1387 1740 1453 1788 una
1467 1715 1653 1812 eademque
1667 1719 1742 1788 erit.
1793 1721 1856 1788 Par
1869 1719 1961 1792 enim

476 1809 731 1905 Osnabrugensts
748 1809 948 1906 'ubicunque
973 1814 1228 1895 contentiones,
1260 1813 1376 1908 palia,
1399 1810 1602 1896 reversales,
1627 1817 1805 1912 omniaque
1826 1817 1960 1907 generis
2038 1873 2041 1878 .

476 1907 700 2084 fflofitiltnes
732 1906 923 2008 promiscue
945 1907 1064 1996 sumit,
1096 1909 1232 2008 illisque
1257 1909 1325 1989 line
1354 1909 1544 1988 discrimine
1574 1935 1694 2012 parem
1724 1909 1960 1988 auiloriratem

537 2032 597 2092 tut,

1157 2145 1187 2236 §.
1232 2139 1285 2217 V.

583 2273 754 2373 Principia
766 2297 878 2350 autern
895 2276 984 2350 circa
998 2276 1313 2374 interpretationem
1327 2269 1493 2370 ejusmodi
1509 2268 1720 2371 pallinnum,
1737 2297 1902 2376 quatenus
1917 2304 1963 2360 ea

476 2373 657 2456 continent,
684 2400 757 2470 quar
783 2373 856 2445 sunt
874 2376 959 2470 juris
978 2374 1126 2475 publici,
1148 2372 1351 2445 desumenda
1372 2369 1445 2442 sunt
1463 2398 1503 2443 ex
1527 2371 1818 2450 constitutionibus
1838 2384 1956 2477 patriae

476 2475 503 2548 dt
519 2476 660 2571 Imperii
678 2471 998 2557 fundamentalibus,
1024 2473 1242 2568 ejusdemque
1260 2468 1485 2550 observantia,
1511 2470 1562 2539 bia
1578 2495 1689 2544 autem
1709 2474 1955 2563 deficientibus,

476 2597 505 2648 et
522 2577 609 2672 Jute
623 2574 784 2646 Gentium
804 2576 988 2666 Europaeo,
1014 2595 1114 2666 quam
1139 2573 1282 2642 maxime
1303 2592 1384 2641 vero
1405 2565 1585 2649 Naturali,
1611 2573 1804 2666 neutiquam
1820 2599 1859 2646 ex
1876 2576 1954 2670 jure
2098 2583 2101 2588 ’

476 2673 640 2754 Romano,
664 2695 740 2743 cutn
758 2696 800 2742 ne
815 2674 847 2739 in
865 2670 936 2740 aliis
959 2669 1095 2766 quidem
1111 2666 1213 2740 causis
1228 2667 1372 2766 publicis
1387 2663 1431 2736 ob
1450 2661 1617 2758 disparem
1639 2665 1793 2739 hodierni
1810 2675 1953 2770 imperii

476 2793 543 2843 tum
561 2792 674 2842 vetere
691 2767 809 2841 ilatum
833 2767 943 2864 aliqua
963 2767 1035 2865 ejus
1057 2764 1184 2838 conllet
1203 2771 1236 2838 in
1252 2767 1435 2842 Germania
1456 2760 1682 2850 austoritas*;
1710 2767 1818 2839 multo
1839 2774 1952 2844 minua

476 2867 519 2964 ius
532 2872 741 2941 Canonicum
761 2869 794 2935 in
809 2867 967 2937 auxilium
982 2889 1102 2938 vocare
1117 2864 1255 2948 licebit,
1272 2864 1363 2957 quod
1377 2858 1595 2934 Protestantes
1609 2863 1643 2932 in
1661 2861 1762 2935 causta
1776 2867 1951 2961 religionis

476 2967 594 3040 dudum
612 2991 712 3039 omne
736 2965 872 3057 iugum,
898 2987 936 3033 ut
960 2962 1018 3059 ipsr
1044 2966 1182 3058 quidem
1207 2965 1241 3034 lo
1266 2985 1409 3039 uuntur,
1435 2955 1665 3043 Pontificium,
1692 2962 1843 3061 adeoque
1863 2966 1951 3062 juria

476 3062 507 3136 ab
521 3089 564 3138 eo
586 3062 827 3162 proficiscentis
848 3058 1081 3133 aulloritatem
1103 3057 1136 3133 se
1150 2988 1312 3133 excurisse
1335 3059 1539 3151 glorientur,
1565 3057 1598 3128 id
1620 3057 1729 3157 ipsum
1755 3066 1951 3159 permitten·

476 3161 554 3236 tibur
570 3161 713 3260 publicis
734 3164 873 3257 Imperii
887 3161 1044 3252 Legibus.
1063 3160 1098 3192 '³
1148 3163 1241 3256 Qtin
1264 3160 1315 3230 hae
1332 3157 1410 3253 iplte
1433 3151 1616 3253 pleuiffime
1638 3158 1749 3231 eidem
1776 3162 1949 3256 derogant,
2054 3245 2060 3250 ,

476 3257 659 3360 ubieunque
673 3258 999 3335 Protellantes‘inter
1014 3258 1048 3333 dt
1064 3257 1257 3332 Carbolrcoa
1279 3256 1417 3353 dejure
1439 3253 1473 3326 dt
1491 3253 1677 3330 rationibus
1700 3256 1873 3336 sactorum
1892 3287 1950 3340 rea

479 3379 589 3456 tgtrur.

1132 3499 1168 3588 §.
1217 3486 1295 3563 Vl.

581 3623 652 3701 Sed
664 3622 705 3698 ad
723 3637 796 3699 rem
810 3650 897 3701 nunc
912 3623 1016 3725 ipsam
1033 3651 1072 3701 ut
1085 3629 1227 3726 propius
1245 3620 1416 3706 accedam,
1441 3618 1510 3718 ipsa
1526 3616 1663 3720 questio
1681 3622 1878 3723 principalia
1893 3625 1950 3706 de·

484 3717 605 3796 ridenda
619 3728 726 3798 venit:
753 3750 792 3794 an
812 3729 972 3797 nimirum
984 3732 1134 3800 Domino
1149 3723 1344 3798 territoriali
1355 3745 1431 3792 cum
1446 3720 1591 3792 Statibus
1604 3718 1668 3792 suis
1686 3725 1948 3817 provincialibus

487 3819 585 3910 pacisci
601 3822 716 3905 liceat,
739 3821 832 3894 &ita
847 3824 1003 3922 quidem,
1026 3849 1064 3898 ut
1079 3825 1225 3922 amplius
1242 3820 1275 3895 dt
1294 3821 1402 3911 magia
1426 3815 1594 3891 extensum
1615 3816 1753 3893 subditis
1775 3826 1946 3898 concedia

488 3913 614 3993 Domino
629 3923 824 3994 exercitium
847 3948 964 4020 queat,
991 3949 1092 4022 quam
1112 3926 1147 3994 in
1167 3932 1266 3993 Anno
1281 3916 1439 3989 Narmali
1457 3914 1689 3988 Mucxxlv.
1705 3919 1869 4005 habuere,
1894 3947 1947 3996 ro·

493 4015 609 4113 gulaque
623 4018 835 4092 territorialis
852 4018 974 4093 arilina
990 4021 1238 4115 restringatur?
1279 4012 1334 4086 Ell
1349 4010 1543 4087 universalis
1559 4013 1691 4107 regula,
1712 4017 1825 4099 illum,
1842 4045 1944 4113 quem

493 4103 600 4188 bauan
613 4116 790 4216 probibet,
813 4116 903 4216 polle
918 4117 1039 4219 pacisci
1062 4124 1150 4194 circa
1169 4116 1385 4285 religipnltm
1412 4134 1576 4210 quatem
1590 4112 1625 4184 id
1640 4116 1785 4209 Legibus
1801 4119 1944 4214 Imperii

1225 4219 1254 4287 K
1358 4239 1377 4282 a
1906 4239 1943 4288 ae

520 4373 533 4410 ⁸
548 4377 656 4448 Vatiae
672 4383 840 4484 partorum
862 4387 1060 4530 privatomm
1088 4385 1205 4472 speeies
1227 4385 1304 4452 vide
1326 4386 1359 4449 bt
1374 4381 1547 4448 Mosam
1566 4375 1812 4467 omioptota
1826 4379 1861 4446 dt
1877 4381 1943 4468 pti·
2010 4341 2016 4352 Ι

582 4466 709 4548 vilegtis
728 4470 810 4531 circa
828 4487 860 4531 te
875 4472 1027 4551 igionem.

507 4563 521 4600 ⁸
536 4573 621 4649 Vide
637 4586 668 4649 Μ
678 4605 699 4647 o
709 4605 724 4649 a
734 4606 786 4649 aa
799 4583 948 4665 &colidei
962 4586 1095 4656 &lueida
1105 4585 1198 4666 &edri
1212 4586 1244 4652 P.
1254 4582 1297 4652 II.
1319 4585 1394 4671 cap.
1403 4604 1455 4668 30.
1477 4601 1535 4666 per
1548 4587 1666 4648 totun-

497 4681 535 4722 ’³
556 4697 646 4772 coar.
661 4703 963 4808 tarnim-nnete·
979 4704 1075 4790 uto.
1096 4704 1132 4771 tr
1146 4705 1172 4775 1.
1186 4706 1218 4774 r.
1232 4705 1272 4772 ο.
1287 4699 1412 4773 arev.
1432 4700 1466 4786 s.
1479 4713 1531 4786 te
