4950 5567
388 645 393 668 ,
472 589 562 688 '14⁸
715 527 719 534 ¹
774 577 1178 662 otsstttrarto
1228 573 1394 676 Jums
1444 573 1681 654 ruuttcr

1167 763 1198 855 §.
1248 785 1306 840 rot

609 893 661 966 Ut
673 905 783 964 autem
798 883 831 957 in
846 903 937 957 tanto
954 881 1173 976 allegatorum
1197 882 1494 956 celeberrimorum
1511 881 1675 955 Virorum
1696 875 1866 969 Dissensu,
1886 905 1972 982 quo·

496 1015 575 1068 rum
591 987 759 1062 Laudibus
774 983 950 1056 detrahere
963 983 1149 1054 nullatenus
1162 980 1346 1079 prosumo,
1369 1004 1451 1078 pace
1464 979 1601 1052 illorum
1613 1005 1724 1052 meam
1737 981 1886 1053 modelle
1897 1007 1970 1078 ape·

496 1094 584 1164 riom
606 1084 816 1159 sententiam:
843 1083 896 1154 vir
919 1082 1128 1176 propugnari
1150 1075 1240 1175 poll'e
1261 1078 1362 1152 credo
1383 1075 1570 1150 indillinble
1591 1082 1712 1174 pignus
1735 1080 1771 1148 in
1794 1081 1962 1152 Germania

495 1186 632 1284 operari
647 1182 864 1260 Dominium,
889 1202 950 1250 nec
965 1201 1098 1249 eatenus
1112 1182 1321 1268 Argumenta
1335 1202 1353 1247 a
1366 1175 1568 1247 Fautoribus
1582 1175 1683 1270 hujus
1698 1173 1867 1249 sententiae
1880 1177 1963 1248 allen

495 1307 553 1359 me
575 1281 785 1354 convincunt.
802 1274 826 1316 ⁴
860 1275 926 1347 2tlo
949 1278 1064 1367 negati
1087 1274 1176 1345 ltaud
1195 1273 1302 1372 potest
1321 1271 1440 1371 sepius
1459 1278 1494 1343 in
1509 1273 1710 1344 creditorem
1728 1270 1901 1345 transferri
1917 1297 1961 1344 rc·

476 1383 570 1454 'rios
591 1379 746 1451 Dominii
767 1369 935 1455 Essedon
961 1395 999 1443 ac
1021 1372 1249 1443 omnimodam
1269 1367 1402 1444 fruendi
1422 1370 1628 1442 Facultatem
1650 1392 1692 1442 eo
1714 1368 1841 1443 seilicet
1857 1369 1964 1450 Modo,

371 1547 375 1558 ,
499 1503 570 1575 quo
585 1499 686 1574 penes
699 1473 982 1570 oppignorantem
996 1463 1078 1552 suit,
1104 1492 1141 1542 ac
1156 1469 1293 1541 concedi
1309 1468 1480 1540 Cicditori
1503 1469 1757 1580 Perceptionem
1771 1472 1918 1540 omniunt
1931 1471 1963 1538 E·

499 1573 805 1652 molumentorum,
831 1567 896 1641 sive
916 1567 1108 1640 immediate
1122 1593 1160 1638 ex
1181 1571 1231 1640 Re
1246 1563 1316 1663 ipsa
1335 1564 1400 1640 sive
1420 1565 1601 1640 Occasione
1623 1590 1693 1660 cJus
1707 1568 1962 1662 provenientium

386 1721 390 1732 ·
501 1671 607 1745 veluti
623 1695 661 1740 ex
675 1663 933 1766 Jurisdiilione,
955 1666 1095 1738 venandi
1114 1666 1212 1761 jure,
1243 1669 1384 1758 aliisque
1405 1661 1543 1756 Juribns
1566 1659 1771 1746 sruilifcris,
1795 1689 1836 1736 er
1857 1665 1962 1760 quibua

505 1765 576 1864 ipse
588 1771 755 1836 Dominus
773 1767 1001 1861 oppignorans
1018 1763 1154 1857 aliquod
1176 1765 1391 1835 commodum
1405 1759 1541 1928 sperare
1555 1781 1703 1857 poterat,
1728 1759 1874 1858 deniqne
1889 1759 1963 1854 3tio)

502 1866 658 1938 licetnon
670 1859 817 1956 semper,
835 1859 951 1954 sepius
967 1883 1077 1932 tamen
1092 1858 1162 1956 ipsa
1176 1858 1392 1957 superioritas
1430 1857 1639 1931 ”erritorialis
1650 1855 1743 1928 stmnl
1760 1881 1822 1956 per
1834 1857 1964 1930 Modum

503 1963 659 2054 Pignotis
673 1955 856 2031 confertur.
871 1956 901 1982 ‘⁸
933 1957 1035 2052 Qtod
1051 1981 1130 2030 tero
1146 1959 1215 2030 baec
1230 1953 1376 2028 inferant
1391 1953 1495 2051 ipsam
1506 1957 1658 2030 Dominii
1673 1977 1752 2030 vete
1765 1957 1843 2028 talis
1854 1959 1966 2054 Trans·

505 2058 666 2130 lationem
687 2057 740 2128 vix
762 2052 900 2151 probari
923 2057 1072 2150 poterit,
1104 2058 1216 2125 omnia
1240 2061 1330 2126 enim
1349 2055 1419 2124 ltaec
1434 2056 1668 2129 Emolumenta
1690 2053 1732 2125 ed
1751 2075 1887 2152 tempus
1904 2051 1966 2124 cedi

505 2151 657 2253 possunt,
681 2153 762 2246 quin
777 2147 995 2222 transferatur
1010 2149 1146 2246 praecise
1164 2155 1348 2224 Territorii
1364 2154 1580 2235 Dominium,
1605 2176 1665 2224 nec
1679 2177 1746 2224 non
1758 2153 1881 2226 Alieno
1892 2175 1968 2224 exer·

502 2255 576 2326 ¹ceri
591 2247 721 2344 possunt
733 2253 828 2344 Jnre.
856 2243 936 2342 4to)
950 2247 1024 2318 talis
1042 2245 1198 2320 Pollelsor
1214 2252 1448 2342 pignoratitius
1462 2273 1528 2319 non
1549 2247 1656 2348 potest
1672 2246 1852 2346 disponere
1868 2249 1910 2322 de
1922 2247 1968 2320 nli

508 2355 559 2422 Re
573 2345 631 2418 sibi
644 2349 868 2441 oppignorata
882 2347 916 2415 in
935 2342 1101 2428 Abulitm,
1129 2371 1188 2417 nec
1207 2347 1412 2418 deteriorare
1432 2345 1524 2417 illam
1544 2372 1604 2420 nee
1620 2350 1819 2434 immutare,
1841 2369 1972 2444 nonpo‘

507 2443 569 2518 test
589 2443 776 2516 exscindere
798 2440 923 2537 sylves,
946 2439 1136 2515 servitutem
1150 2447 1325 2539 imponere
1339 2447 1401 2516 Rei
1422 2451 1673 2540 oppignorata,
1696 2469 1757 2518 nee
1777 2447 1853 2518 aliis
1867 2445 1970 2520 niodo

507 2543 600 2615 illam
616 2563 775 2620 onerare,
799 2541 859 2634 qui
876 2563 991 2611 omnes
1007 2560 1116 2611 tamen
1138 2539 1212 2611 sunt
1233 2541 1382 2614 Effe'tlus
1400 2547 1551 2614 Dominii
1567 2543 1751 2626 veterulis,
1775 2545 1920 2617 Debitor
1933 2565 1970 2614 et·

508 2644 595 2721 itm,
621 2633 893 2736 prout’pleriqne
907 2633 979 2707 sere
991 2637 1196 2718 concedunt,
1223 2638 1331 2711 adhoc
1345 2643 1406 2735 Jna
1422 2639 1522 2714 habet
1543 2641 1730 2712 vindicandi
1748 2644 1973 2714 Tertitoriun

507 2741 771 2835 oppignoratam
785 2736 819 2804 in
838 2736 975 2806 tertium
990 2728 1112 2805 sotteo
1130 2733 1308 2807 Creditore
1326 2739 1538 2819 translatum,
1563 2742 1693 2813 ratione
1711 2739 1807 2834 cujus
1826 2743 1918 2813 varia
1935 2761 1973 2812 et·

509 2839 577 2907 iam
601 2831 795 2923 Praejndicia
816 2828 952 2919 allegari
974 2823 1120 2922 possent,
1142 2831 1293 2927 adeoque
1314 2833 1477 2906 concludo
1499 2840 1534 2906 in
1556 2835 1685 2918 Dubio,
1711 2835 1769 2908 nbi
1790 2862 1860 2909 non
1875 2863 1914 2910 ex
1932 2842 1973 2908 ln

509 2931 693 3001 strumento
713 2925 746 2994 id
760 2924 847 2994 clare
865 2947 972 3018 pater,
997 2927 1084 2996 haud
1099 2927 1365 3022 presumendum
1386 2929 1466 3014 elle,
1490 2934 1580 3029 qnod
1598 2937 1795 3005 Dominium
1817 2938 1853 3006 in
1870 2937 1972 3008 Credi

506 3048 619 3098 rorem
636 3021 671 3092 st
692 3020 896 3092 translatum.
936 3027 1013 3114 5to)
1029 3024 1255 3097 conceduntur
1270 3026 1385 3124 sapius
1405 3055 1466 3126 per
1481 3027 1627 3126 etprelsa
1647 3029 1743 3126 palla
1758 3033 1829 3104 lttce
1848 3035 1973 3106 Emolu

507 3143 619 3195 menta
632 3144 668 3189 ac
683 3117 860 3202 utilitates,
879 3143 980 3217 prout
995 3121 1177 3194 indubitata
1193 3150 1228 3196 ac
1244 3127 1436 3220 quotidiana
1452 3127 1560 3198 l'ecum
1573 3123 1640 3199 sert
1653 3133 1793 3223 lmpcrii
1810 3127 1972 3203 observan

507 3222 570 3300 tio,
598 3213 785 3288 Usurarnm
808 3216 899 3298 loco,
925 3221 968 3289 ita
989 3243 1025 3288 ut
1040 3221 1186 3291 creditor
1202 3225 1465 3298 irrevocabiliter
1485 3225 1649 3320 ejusmodi
1670 3225 1814 3298 Fructus
1837 3225 1915 3299 snos
1936 3225 1970 3300 se

508 3321 589 3395 ciat,
615 3317 695 3410 quin
711 3312 852 3408 desuper
871 3315 910 3384 ad
933 3315 1118 3386 reddendas
1137 3321 1293 3390 Rationes
1313 3323 1363 3391 vel
1389 3319 1562 3392 srnilnum
1583 3323 1775 3394 consuetum
1793 3322 1972 3399 Usurarun

508 3413 655 3486 Modum
677 3413 904 3482 excedentium
925 3411 1177 3486 Restitutionern
1201 3418 1432 3512 adigatur,
1464 3421 1517 3490 rel
1539 3422 1603 3490 ltoc
1625 3446 1688 3518 pto
1702 3415 1851 3492 usurario
1869 3423 1972 3496 lrabea

510 3535 567 3583 tur
586 3513 766 3591 Pratitate,
784 3506 851 3531 '⁸⁸'
874 3508 1024 3604 adeoque
1046 3535 1180 3583 eatenus
1205 3515 1237 3584 dt
1261 3513 1383 3608 posto,
1408 3517 1499 3612 quod
1523 3515 1658 3610 pailum
1681 3519 1745 3590 hoc
1769 3521 1814 3590 ita
1836 3521 1972 3618 etprell

368 3615 377 3634 ¹
508 3605 613 3680 fuerit
626 3608 765 3694 initum,
791 3603 992 3677 Differentia
1008 3607 1120 3678 Dubio
1134 3613 1252 3706 procul
1265 3617 1353 3684 inter
1371 3619 1490 3686 Mores
1505 3618 1631 3710 patrios
1646 3617 1680 3688 dc
1694 3619 1907 3689 Anticbrefin
1924 3626 1972 3694 Ro

509 3731 640 3777 monam
659 3705 860 3774 admittenda
876 3707 957 3784 erit,
981 3703 1116 3776 Pullum
1130 3713 1218 3780 enim
1238 3712 1319 3793 boc,
1344 3715 1377 3785 vi
1393 3715 1485 3807 cnjus
1507 3715 1675 3785 Creditori
1696 3720 1819 3807 Pignus
1831 3712 1972 3792 fruslifc

508 3827 583 3874 rum
608 3803 720 3872 datum
744 3825 818 3871 cum
840 3801 1009 3872 Facultate
1032 3825 1098 3873 tam
1122 3806 1178 3876 din
1203 3807 1475 3882 Fruilusomnes
1499 3836 1538 3882 en·
1553 3811 1610 3882 illo
1625 3815 1853 3908 percipiendi,
1879 3817 1969 3891 done

405 3957 413 3966 .
508 3899 652 3972 solutum
669 3895 770 3966 suerit
785 3896 962 3978 Debitum,
990 3901 1117 3996 &quin
1141 3929 1287 4000 unquam
1303 3909 1484 3978 reddantur
1496 3913 1640 3980 rationes
1662 3909 1822 4007 desuper,
1848 3916 1882 3983 in
1903 3919 1971 3988 Get

508 4001 618 4070 mania
643 3999 736 4090 prius
758 3994 902 4063 obtinuit
921 4022 1020 4090 quam
1042 4007 1217 4091 peregrina
1237 4009 1320 4096 Jttta
1341 4008 1575 4089 innotuerunt,
1599 4013 1775 4080 conventio
1795 4011 1898 4082 etiam
1916 4016 1968 4085 lto

509 4121 551 4166 eo
567 4097 672 4184 magis
686 4089 855 4184 justificari
877 4115 1025 4184 poterat,
1051 4121 1126 4164 cum
1141 4102 1217 4188 juri
1233 4105 1374 4172 Noturte
1389 4108 1553 4174 contraria
1575 4105 1663 4174 baud
1682 4104 1737 4188 fit,
1761 4129 1822 4177 nee
1842 4113 1968 4184 Limite

509 4191 630 4264 Ul'nris
654 4213 724 4259 tom
746 4191 906 4280 temporis
923 4186 1049 4264 fiterint
1073 4194 1275 4292 prolitipti,
1302 4198 1392 4270 &stc
1415 4225 1452 4270 er
1468 4205 1676 4298 Antiquitate
1697 4229 1763 4274 non
1778 4201 1971 4280 obstantibo

510 4289 680 4386 peregrini
698 4289 787 4381 Juris
803 4291 977 4356 contrariis
992 4289 1289 4364 (30nllitati0n'ibus
1306 4292 1369 4368 fuit
1381 4295 1566 4384 servatnnt3
1582 4300 1679 4338 *Μ’
1703 4302 1790 4373 male
1802 4327 1917 4378 autem
1930 4309 1970 4380 ali

505 4389 574 4462 hoc
598 4387 769 4464 ultimum,
795 4383 885 4476 quod
909 4382 1030 4455 scilicet
1054 4391 1203 4481 pignoris
1221 4389 1375 4486 poll'ellbr
1397 4392 1526 4465 l'rutlos
1542 4401 1732 4494 percipiens
1747 4425 1815 4470 non
1830 4428 1971 4478 teneatur

509 4484 549 4554 ad
567 4485 708 4552 rationes
725 4479 927 4561 reddendas,
955 4508 1016 4574 pro
1034 4490 1176 4572 generali
1194 4491 1361 4560 venditant
1374 4492 1505 4582 regula,
1533 4520 1607 4566 nam
1627 4497 1737 4572 locum
1753 4497 1838 4575 illud
1854 4529 1971 4578 tantun

509 4579 662 4667 babebit,
688 4577 710 4654 si
727 4575 910 4678 expressum
925 4601 1059 4662 catenus
1073 4583 1207 4682 pallum
1222 4583 1325 4674 suerit
1341 4587 1588 4690 interpositio,

1884 4703 1898 4730 '
1914 4695 1967 4764 Ple
