4950 5567
440 595 553 714 '44
864 635 892 704 ·,
957 603 1533 712 otssaararto

499 817 569 894 quo
586 787 884 892 representanturt
907 790 952 862 ita
972 788 1063 861 haud
1083 790 1205 882 exiguo
1226 785 1323 861 uobis
1345 785 1391 862 ell
1415 789 1607 886 adjumento
1623 789 1665 862 ad
1684 815 1742 876 ea,
1768 818 1835 891 qua
1850 819 1914 890 par
1927 798 1962 872 el

501 893 632 966 ratione
648 889 902 986 percipiendum
926 911 979 958 rea
995 886 1140 967 divinas,
1166 883 1207 956 ad
1230 883 1407 978 magnifice
1431 887 1484 959 his
1509 887 1550 959 de
1572 886 1673 960 rebus
1694 885 1924 977 sentiendum,
1946 922 1962 967 a

503 985 715 1062 afficiendum
740 986 859 1057 iisdem
888 986 1055 1064 animum,
1081 981 1412 1056 exterior'Numinie
1438 981 1586 1081 supremi
1612 985 1745 1067 cultus,
1782 995 1962 1063 ceremonia

499 1111 577 1160 rum
597 1086 769 1158 &rituum
785 1083 905 1155 decens
927 1080 962 1152 dt
983 1081 1135 1152 ordinata
1155 1077 1344 1163 institutio,
1378 1081 1496 1172 dignus
1514 1085 1588 1153 Deo
1606 1104 1784 1178 apparatus
1803 1084 1835 1156 dt
1855 1085 1962 1170 solent

354 1218 366 1234 =
499 1207 619 1258 eorum
637 1181 852 1260 exercitium,
877 1177 969 1274 quod
988 1198 1059 1248 tum
1074 1177 1244 1266 ingentem
1262 1175 1362 1246 rebus
1377 1175 1430 1246 stis
1449 1179 1570 1249 divinis
1585 1180 1826 1252 authoritatem
1843 1177 1962 1254 eonser

457 1309 463 1320 ·
498 1269 573 1352 tum
588 1279 628 1351 ad
644 1302 710 1349 non
725 1280 890 1347 minorem
907 1274 1041 1344 illarum
1057 1275 1307 1345 venerationem
1322 1269 1345 1342 s
1363 1271 1544 1346 eslatorem
1560 1277 1731 1348 huminem
1747 1278 1882 1349 occulta
1898 1305 1962 1376 qut

496 1399 581 1454 voce
597 1375 805 1454 adhortatur.
825 1372 989 1448 Exteraus
1006 1372 1124 1468 itaque
1135 1369 1247 1444 tultus
1263 1295 1489 1467 qonsiquitun
1503 1395 1748 1472 promovetque
1758 1378 1946 1456 internum.

1175 1588 1205 1679 §-
1250 1582 1331 1660 tv.

513 1754 520 1768 ·
582 1695 590 1710 ,
617 1719 672 1793 Ad
693 1717 904 1812 Religionem
920 1717 1084 1791 internam
1099 1713 1222 1792 srussra
1240 1717 1332 1810 rogia
1349 1719 1511 1800 invitumt
1535 1720 1625 1792 enim
1641 1721 1808 1794 veroReli
1834 1723 1869 1796 io
1884 1723 1962 1800 iuret

497 1839 541 1891 nt
555 1809 602 1890 est
618 1816 730 1890 relius
746 1817 787 1888 de
804 1817 882 1888 Deo
899 1811 1028 1897 seusus,
1054 1817 1112 1914 qui
1127 1809 1331 1914 potissimum
1347 1816 1381 1884 in
1397 1811 1569 1896 intelleslu
1583 1815 1742 1900 consistit.
1775 1747 1962 1918 aslissusqu

497 1913 680 1986 voluntatis
696 1912 804 1984 secum
820 1913 947 1994 trabit;
973 1908 1054 1983 sieut
1070 1936 1180 1984 autent
1197 1911 1239 1984 ad
1252 1907 1517 2003 cognoscendam
1539 1916 1613 2008 quis
1634 1917 1710 2006 rogi
1730 1917 1872 2012 nequii,
1905 1941 1962 1988 cur

498 2010 718 2102 cogitatianes
735 2011 880 2080 hominis
896 2004 956 2078 sint
970 2006 1103 2090 liberae,
1130 2009 1295 2080 &earum
1311 2031 1388 2080 eum
1402 2032 1440 2080 re
1455 2011 1683 2082 convenientia
1699 2035 1766 2080 non
1790 2036 1829 2081 ex
1844 2013 1962 2086 alteria

496 2109 599 2179 irrito
614 2108 780 2200 imperio,
805 2102 859 2176 sed
875 2127 913 2174 ex
927 2107 977 2174 rei
993 2101 1094 2198 ipsius
1109 2101 1241 2177 essentia
1258 2103 1462 2199 dependam
1496 2101 1537 2176 fic
1561 2130 1620 2177 nec
1644 2106 1684 2176 ad
1704 2107 1917 2200 Religionem
1934 2111 1962 2180 it

492 2223 648 2285 ·ternam;
675 2205 744 2271 imo
759 2203 925 2270 contraria
942 2200 1040 2294 plane
1058 2199 1104 2273 est
1118 2197 1247 2272 coailio
1261 2225 1385 2271 naturae
1402 2201 1435 2272 dt
1452 2195 1509 2269 fini
1523 2201 1726 2290 Religionis3
1744 2205 1874 2275 interne
1890 2207 1962 2278 enin

498 2301 541 2372 de
556 2303 631 2370 Deo
651 2293 822 2368 convitius
846 2289 909 2369 esse
931 2294 1029 2367 debet
1051 2298 1171 2376 homo,
1207 2321 1247 2370 ex
1267 2321 1332 2392 qua
1350 2292 1557 2368 convisiione
1580 2300 1646 2369 Dei
1667 2297 1797 2369 calendi
1818 2299 1961 2392 obligati

497 2393 660 2476 naseitur3
686 2395 755 2465 hec
774 2390 820 2464 est
834 2395 929 2464 unica
947 2391 1151 2466 intellesium
1169 2389 1388 2489 persuadendi
1409 2392 1599 2466 methodus.
1657 2397 1701 2464 Et
1721 2391 1796 2467 sane
1817 2393 1841 2466 st
1863 2401 1914 2466 ris
1931 2423 1962 2470 et

495 2513 628 2564 rentem
643 2492 678 2560 iu
696 2491 865 2561 tramitem
880 2489 1062 2572 reducere,
1088 2485 1210 2560 frustra
1224 2491 1291 2560 vim
1306 2512 1475 2560 externam
1491 2486 1649 2574 adbibee;
1675 2485 1795 2562 frustra
1821 2495 1911 2562 enim
1932 2495 1962 2566 ia

496 2587 666 2669 tenditur,
698 2585 789 2682 quod
803 2583 947 2657 obtineri
962 2609 1029 2656 noa
1043 2581 1161 2681 potest.
1221 2582 1389 2656 Gravibus
1409 2606 1524 2655 contra
1538 2583 1741 2669 rationibus,
1770 2595 1961 2678 argumenti

497 2685 612 2776 magni
629 2684 786 2779 ponderis
800 2705 899 2775 atque
913 2685 1074 2752 momenti
1090 2677 1337 2774 persuadendus
1353 2702 1389 2750 ac
1409 2680 1653 2754 convincendus
1668 2679 1714 2754 est
1730 2683 1771 2754 de
1788 2685 1962 2760 erroribus

495 2784 544 2854 ita
560 2805 597 2852 ut
613 2781 744 2860 credat,
770 2775 802 2846 se
818 2771 937 2845 errasse
954 2774 985 2844 dt
1001 2777 1130 2845 interna
1150 2771 1361 2846 rotatislioac
1381 2800 1555 2870 permotus
1577 2775 1618 2849 ab
1642 2778 1813 2850 erroribus
1831 2783 1962 2856 recedat

497 2874 554 2948 Ob
575 2897 703 2944 metum
721 2871 886 2940 violentiae
901 2889 1042 2941 externae
1062 2871 1232 2950 concedit.
1258 2869 1311 2942 vel
1335 2894 1431 2961 negat
1451 2871 1603 2967 quidem,
1653 2874 1717 2945 uod
1738 2875 1894 2972 jubetur3
1921 2877 1962 2951 set

496 2969 647 3044 fimulata
668 2987 779 3036 mente
800 2964 961 3058 loquitur,
987 2963 1076 3037 &fir
1091 2965 1345 3036 omniadhibira
1373 2967 1544 3059 diligentia
1567 2969 1599 3040 dt
1623 2899 1795 3041 liveritate
1818 2970 1893 3044 finis
1910 2999 1962 3046 not

497 3066 688 3145 obtinetur,
715 3064 772 3158 qui
791 3059 1024 3132 intendebatur
1039 3067 1073 3131 in
1092 3062 1315 3154 convertendp
1329 3086 1471 3135 errante.
1496 3065 1627 3155 Religio
1642 3071 1741 3161 proin
1757 3072 1887 3142 interna
1904 3075 1962 3144 vio

497 3162 635 3235 lentiam
652 3185 718 3231 non
733 3163 875 3253 patitur3
902 3163 1043 3228 Naturae
1065 3180 1192 3240 tamen,
1209 3161 1274 3228 Dei
1295 3183 1331 3229 ac
1351 3158 1504 3229 humanis
1527 3160 1584 3230 suo
1605 3164 1706 3232 modo
1723 3163 1850 3253 legibus
1874 3166 1962 3262 subja

496 3279 568 3340 cet,
596 3280 757 3353 quatenus
777 3251 928 3324 doslrina
950 3279 1035 3326 verae
1051 3255 1235 3346 Religionis
1250 3255 1387 3350 praecipi
1408 3258 1625 3350 internusque
1644 3282 1739 3328 error
1752 3285 1816 3354 per
1829 3287 1962 3335 eaternt

495 3365 601 3454 prout
617 3352 689 3424 fieri
706 3348 830 3447 potest,
858 3348 946 3443 figor
961 3347 1148 3447 patescens,
1181 3347 1403 3426 demonstrata
1421 3354 1548 3426 erranti
1569 3353 1734 3428 evidentia
1753 3359 1822 3444 rei,
1859 3364 1962 3457 puuir

499 3448 592 3550 posse
607 3445 820 3545 dignoscitur.

1169 3587 1206 3673 §.
1255 3583 1307 3659 V.

514 3761 521 3802 ·,
578 3726 730 3794 ¹Internt
745 3738 913 3796 externam
930 3709 1005 3812 post
1022 3709 1055 3788 se
1076 3712 1179 3786 trahit
1193 3714 1423 3806 Religionem
1449 3717 1528 3787 Una
1545 3711 1609 3788 sine
1624 3714 1728 3791 altera
1741 3719 1794 3792 vir
1809 3715 1957 3800 subsidet

494 3815 616 3896 modus
631 3841 743 3890 autent
763 3816 893 3904 eqlandi
916 3809 1190 3908 Deum'erteriar
1209 3812 1246 3882 in
1266 3813 1349 3908 Jure
1373 3813 1514 3882 Natura
1529 3811 1765 3889 determinatus
1782 3819 1963 3916 dtpraescri

492 3941 574 4016 ptus
592 3939 659 3986 non
684 3913 749 3997 esl;
790 3910 844 3984 sed
874 3907 913 3980 ab
933 3908 1192 4004 uniuscujusque
1218 3903 1381 3978 societatis
1403 3906 1541 3977 arbitrio
1563 3907 1746 4004 dependet3
1779 3939 1847 4011 quo
1869 3919 1962 3991 moda

493 4014 590 4090 suum
609 4013 649 4084 de
664 4017 738 4081 Deo
755 4005 880 4080 sensum
906 3999 1116 4088 manifestum
1138 4002 1247 4076 facere
1261 4004 1355 4074 velit:
1389 4007 1429 4073 In
1449 3999 1603 4077 societate
1626 4004 1765 4102 simplici
1793 4037 1895 4106 penes
1916 4019 1962 4089 Pa

495 4136 565 4187 tres
586 4105 787 4180 familiarum
802 4101 995 4194 segregum,
1020 4125 1133 4172 cutam
1150 4099 1331 4188 Religionis
1346 4100 1521 4196 cultusque
1536 4104 1650 4170 Diviui
1667 4104 1858 4198 perstitisse,
1884 4113 1962 4187 mihi

492 4203 716 4284 indubitatum
734 4199 798 4276 esst
821 4198 997 4294 Postquam
1015 4220 1143 4277 autem,
1170 4194 1267 4270 audio
1282 4191 1485 4266 familiarum
1502 4221 1660 4279 numero,
1687 4198 1859 4299 nullisque
1880 4213 1962 4302 peri«

493 4305 578 4380 culis
594 4301 776 4375 securitatis
796 4294 938 4366 studium
955 4293 1070 4390 plures
1084 4291 1271 4386 conjunxit,
1294 4312 1331 4362 ut
1344 4295 1445 4362 unitis
1460 4292 1585 4362 viribus
1601 4303 1791 4386 communia
1805 4299 1962 4378 discrimi·

494 4415 755 4476 nsaverterent,
777 4417 814 4462 ac
829 4392 963 4462 demum
980 4415 1018 4460 ex
1032 4391 1250 4461 conventione
1266 4387 1440 4458 bominum
1463 4385 1607 4459 libertati
1627 4395 1769 4465 naturali
1791 4394 1962 4477 successere

493 4501 664 4592 Imperia,
689 4491 866 4586 imperanti
879 4485 973 4558 simul
991 4486 1173 4576 Religionis
1189 4507 1268 4554 cura
1281 4483 1475 4554 demandata
1496 4481 1560 4568 csl;
1594 4487 1818 4576 ingredientes
1841 4501 1962 4571 etenim

493 4590 684 4674 satietatem
699 4589 830 4668 civilem
845 4588 974 4678 omnia,
1006 4606 1079 4680 que
1097 4579 1330 4678 tranquillitati
1351 4604 1388 4660 ac
1401 4577 1569 4659 securitati
1588 4581 1731 4682 publice
1747 4586 1962 4761 relinqantur,

557 4711 571 4732 ··
932 4707 938 4717 “
1225 4739 1228 4744 -
1296 4723 1300 4731 ·
1860 4712 1961 4767 eman
