4950 5567
360 1587 365 1650 i

360 1669 366 1736 l

361 2125 363 2176 i

360 2379 363 2426 l

360 3233 363 3268 l

441 563 516 698 ne
529 619 618 697 an.
632 623 782 733 naen.
797 623 851 701 n.
863 623 938 700 nc.
951 622 1232 704 antinoon.
1245 625 1515 750 conunon
1530 630 1787 708 concanae.
1821 652 1889 712 ω

431 805 466 875 ui
485 791 619 899 primus
639 800 681 876 de
699 801 837 879 subditis
859 805 1068 880 &mediatis
1090 809 1297 881 mentionem
1319 805 1415 891 facit,
1442 809 1523 881 dum
1543 811 1694 884 inchoat:
1718 825 1888 915 quantum
1947 807 2030 891 §9¹¹⁰

454 896 528 975 'nde
552 905 760 987 sicinius,
783 907 1061 993 BatonesnnliIes,
1091 905 1247 996 Vesulus,
1273 912 1447 989 Ciuitates,
1474 912 1701 1002 Fundationes,
1726 911 1890 1001 Monaste·
1905 905 2001 987 3⁰m⁰
2019 885 2067 984 ἃ.

405 1004 470 1082 tia,
498 1003 716 1084 Commendas,
743 1008 999 1087 Gannanitates,
1024 1002 1157 1091 [sabditos
1183 1006 1320 1077 Statilns
1345 1010 1466 1098 Imperii
1494 1010 1677 1078 immediatis
1699 1010 1766 1094 five
1792 1014 1890 1080 Eeeie·
1905 971 2075 1116 ’ἕψω

401 1097 527 1192 fiallitis
543 1099 612 1182 five
630 1096 819 1190 secularibus
839 1101 1001 1194 sttljeilas,
1021 1108 1167 1197 pertinet.
1214 1100 1269 1173 Ad
1284 1100 1397 1173 Verba
1412 1124 1557 1195 qnantum
1575 1108 1681 1175 deinde
1696 1102 1822 1178 disserit
1834 1131 1877 1178 au
1906 1071 2084 1219 ἐήᾞῐνῖ.

397 1195 484 1269 ultor
497 1194 758 1270 meditationum
769 1205 804 1267 :i
825 1205 928 1272 Nova
945 1203 993 1271 ln'e
1008 1204 1099 1271 velat
1114 1204 1232 1293 Eparia
1246 1204 1375 1272 uidetur
1388 1205 1535 1294 incipere:
1562 1207 1593 1272 in
1609 1205 1666 1274 dua
1682 1209 1760 1275 enim
1773 1201 1890 1295 lantani
1905 1237 1943 1280 ce
1958 1218 1998 1280 de
2010 1216 2080 1280 sub-

408 1298 516 1390 cepite
538 1297 588 1366 nie
604 1298 766 1368 Atticulae
789 1298 954 1369 livianus.
1010 1303 1077 1370 Uno
1099 1301 1138 1368 de
1158 1297 1258 1389 Cassa
1274 1303 1439 1390 Religionis
1466 1301 1501 1373 li
1522 1300 1788 1390 Ecslefiasticnenm
1808 1307 1889 1372 inter
1906 1300 2063 1382 ditittgi·

407 1391 615 1566 'qius'sretas
630 1394 778 1487 bucusque
802 1393 1019 1468 transalium
1033 1393 1140 1489 suit,
1166 1392 1281 1469 altero
1304 1419 1388 1469 vero
1400 1395 1604 1487 statuitur,
1629 1393 1719 1498 qnid
1733 1395 1889 1472 Domino
1905 1387 1969 1448 ‘¹¹¹-
2042 1405 2051 1414 “
2113 1445 2118 1454 -

438 1485 653 1568 erritorinli
667 1495 698 1564 in
713 1490 843 1578 bellitus
858 1498 951 1564 liceat
971 1495 1096 1581 diverla
1105 1491 1195 1585 sacra
1207 1498 1369 1588 ampiexus.
1424 1500 1535 1586 Itaque
1547 1517 1612 1566 cant
1625 1501 1766 1583 aitLen,
1785 1517 1891 1597 quan·
2098 1483 2109 1496 ¹

408 1601 479 1664 im
492 1583 640 1681 deinde,
664 1591 810 1663 adverbia
825 1594 877 1663 lanc
890 1586 1010 1665 deinde
1028 1595 1180 1662 indicatur
1201 1596 1272 1663 ardo
1287 1616 1387 1663 rernm
1407 1596 1653 1674 struendarum,
1675 1605 1817 1687 quomoda
1833 1617 1892 1688 pa·

408 1689 546 1780 sistentes
570 1691 633 1758 'arn
647 1711 703 1760 ttns
722 1693 827 1783 Capite
845 1688 979 1774 allatura
997 1689 1158 1774 transtrum
1169 1691 1227 1780 fiii
1246 1691 1287 1758 ad
1305 1695 1436 1760 aiterum
1455 1710 1577 1784 parant.
1626 1687 1811 1761 Ttaliatur
1835 1715 1893 1762 au·
2004 1693 2015 1720 ⁸

408 1805 471 1860 teto
486 1712 790 1883 hocbaragrapho
807 1783 850 1859 de
872 1788 957 1884 Jure
978 1782 1187 1859 reformandi
1208 1787 1350 1883 Imperii
1372 1783 1518 1858 Sentibus
1539 1811 1768 1885 competente,
1796 1788 1890 1885 quod

407 1881 601 1981 insequente
615 1883 830 1983 paragrapho
846 1881 1016 1977 trigesimo
1031 1887 1144 1981 primo
1158 1888 1203 1958 ita
1218 1885 1400 1968 limitatur,
1423 1906 1461 1956 ut
1477 1881 1617 1967 subditi,
1637 1889 1696 1984 qui
1711 1910 1797 1957 anno
1813 1886 1891 1956 mil·

406 1978 515 2055 lelium
532 1979 767 2057 sexcentesimo
781 1979 938 2074 vigefimo
952 2004 1073 2078 quarto
1085 2006 1260 2076 quacunque
1279 1985 1352 2053 anni
1373 2001 1460 2076 perte
1475 1979 1540 2054 suae
1555 1981 1739 2076 Religionis
1755 1984 1889 2056 Exerci-

407 2080 485 2152 tium
497 2079 531 2153 ἃ
541 2075 895 2177 quaeviaEcclefiastica
908 2078 1115 2162 habuerunt,
1141 2080 1223 2151 illud
1240 2079 1344 2151 &illa
1359 2081 1459 2153 etiam
1476 2077 1694 2177 imposterum
1709 2085 1890 2154 retineant.

407 2180 482 2253 Duo
500 2180 560 2251 hic
573 2175 720 2250 notanda
732 2179 889 2261 veniunt,
915 2179 1072 2275 inprimis
1087 2174 1258 2274 hucusque
1275 2200 1347 2250 toto
1365 2179 1429 2250 hoc
1446 2179 1619 2262 Atticum,
1645 2203 1721 2252 cum
1744 2179 1786 2254 de
1799 2183 1891 2251 Ter·

406 2277 497 2350 mino
512 2273 734 2350 restitutionis
749 2272 859 2348 sermo
875 2271 974 2359 cilet,
999 2274 1151 2348 calendas
1167 2273 1223 2348 seu
1237 2278 1382 2372 primam
1398 2274 1486 2348 diem
1503 2279 1655 2374 Januarii
1674 2279 1762 2348 Antii
1782 2284 1825 2347 16
1832 2297 1899 2366 24:

466 2397 548 2447 atam
562 2369 680 2463 baille,
709 2399 796 2446 nunc
810 2398 891 2445 vcro
914 2374 979 2444 hoc
993 2377 1136 2466 Paragra
1164 2372 1209 2445 ho
1233 2371 1401 2465 trigefimo
1423 2377 1555 2470 primo,
1581 2373 1638 2446 ubi
1655 2371 1793 2446 subditis
1809 2397 1889 2468 pro·

435 2475 439 2481 '
501 2495 577 2556 usn,
592 2495 842 2569 quamcumque
855 2473 932 2543 anni
946 2492 1078 2567 partem
1086 2399 1299 2543 Reiitutioni
1317 2471 1424 2541 datam
1441 2468 1514 2544 elle.
1562 2472 1696 2544 Deinde
1704 2471 1891 2546 huncTer·

405 2570 537 2642 minoto
550 2573 682 2643 ratione
695 2568 797 2642 solius
811 2571 969 2641 Exercitii
985 2567 1171 2660 Religionis
1187 2567 1219 2640 or
1237 2565 1536 2640 Eccleliallicorum
1559 2569 1599 2638 ad
1621 2565 1769 2639 subditos
1785 2571 1889 2666 perti·
1920 2627 1927 2636 ,

404 2669 555 2760 nentium
571 2664 736 2765 pnicum,
763 2665 804 2739 de
819 2665 966 2738 Politicia
981 2688 1093 2739 autent
1107 2663 1171 2740 five
1180 2666 1365 2758 Religionis
1381 2668 1539 2737 intuitum
1554 2665 1712 2747 habeant,
1728 2662 1792 2737 live
1807 2689 1888 2750 non,

405 2765 587 2864 nequidem
603 2767 786 2859 cogitatum
801 2760 882 2837 elle:
909 2762 987 2835 hinc
1010 2763 1066 2834 illa
1082 2789 1191 2862 neque
1207 2762 1296 2835 diem
1311 2787 1371 2837 nec
1387 2785 1508 2833 annum
1528 2785 1593 2857 pro
1614 2785 1732 2834 norma
1749 2759 1889 2836 habere.

399 2863 511 2964 '§pltua
528 2861 720 2956 trigesimus
734 2859 895 2935 secundus
912 2857 1059 2934 subditos
1082 2866 1349 2936 contra'Statum
1366 2858 1446 2932 dicti
1470 2863 1547 2931 anni
1567 2856 1716 2934 turbatos
1733 2880 1789 2932 aut
1804 2881 1889 2958 quo·
2032 2905 2044 2920 -

407 2957 1123 3153 illiti{illibi}lilt‘nlllt
1144 2957 1615 3129 llllsst‘ssllilsnli}
1632 2953 1799 3127 llll}
1813 2981 1887 3129 ll

406 3154 488 3229 ditos
503 3155 647 3228 antehac
669 3157 750 3226 inita
765 3156 798 3224 in
814 3176 943 3225 tantum
965 3152 1157 3237 confirmat,
1183 3157 1216 3227 in
1233 3176 1394 3252 quantum
1415 3156 1521 3224 Statui
1544 3157 1620 3223 anni
1637 3153 1797 3225 normalis
1817 3177 1887 3226 non

406 3249 633 3346 restagantatr.
679 3254 787 3351 §phua
803 3248 990 3344 trigefimus
1005 3276 1144 3350 quartus
1162 3251 1203 3325 de
1219 3255 1260 3323 iis
1275 3249 1411 3323 subditis
1428 3251 1596 3346 loquitur,
1620 3252 1679 3346 qui
1695 3274 1755 3323 nec
1775 3249 1888 3348 publi·

405 3373 478 3424 earn
492 3373 558 3422 nec
575 3349 745 3446 privatum
760 3348 945 3443 Religionis
966 3351 1170 3423 Exercitium
1192 3375 1279 3422 anno
1300 3349 1442 3428 normali
1463 3346 1669 3430 habuerunt,
1694 3371 1754 3420 nec
1773 3372 1885 3425 tamen
1924 3375 1930 3382 ·

405 3448 632 3529 tTersitorii
646 3449 795 3524 Domino
813 3451 942 3542 migatc
953 3445 1026 3548 juffi
1040 3445 1197 3534 fuerunt,
1221 3447 1258 3523 hi
1271 3450 1361 3524 enim
1377 3448 1543 3547 patienter
1557 3445 1755 3524 tolerentur.

1076 3663 1111 3765 g,
1157 3662 1226 3740 1X,
1915 3647 2077 3726 'Jubenint

1900 3752 2014 3798 omnes

517 3815 598 3895 Inse
622 3817 715 3893 uitur
729 3816 862 3893 tandem
879 3816 987 3916 §plius
1009 3814 1121 3890 noster
1136 3813 1322 3911 trigcfimus
1342 3819 1498 3917 quintus,
1524 3819 1583 3916 qui
1605 3840 1721 3893 omnes
1742 3817 1881 3894 omnino
1900 3813 2076 3916 exaequari,

401 3913 576 4003 subditos,
600 3841 667 3992 ive
687 3917 823 3991 demum
840 3915 1006 3991 Catholici
1028 3914 1093 3988 five
1110 3913 1308 4009 Augustanae
1324 3914 1542 3989 Confelltonis
1560 3912 1703 3999 fuerint,
1725 3920 1761 3989 iu
1778 3918 1885 3989 omni·
1897 3917 1976 3980 qum
2003 3915 2075 3972 Μ·

401 4011 461 4090 bus
476 4015 556 4090 vult
571 4017 754 4112 exequaris
778 4039 855 4088 cum
869 4019 972 4109 igitur
984 4037 1044 4087 nec
1058 4016 1122 4087 hoc
1134 4014 1365 4110 paragrapho,
1378 4038 1439 4086 nec
1455 4015 1519 4086 alio
1534 4015 1576 4089 dc
1591 4012 1728 4090 subditis
1745 4014 1882 4112 loquen·
1898 3993 1951 4045 ²¹¹⁸
1962 3981 2075 4045 Μ’

402 4135 436 4188 te
448 4137 567 4188 cerrus
582 4111 704 4210 aliquis
719 4116 881 4185 terminus
901 4139 965 4211 pro
983 4137 1106 4191 norma,
1121 4117 1232 4184 Scarus
1247 4114 1382 4186 illorum
1399 4113 1531 4185 Politici
1549 4112 1760 4196 constitutus,
1787 4138 1885 4186 econ·
1897 4081 2032 4208 ἓὲξὲξο
2061 4125 2066 4132 ·

402 4232 453 4284 tra
467 4235 556 4285 vero
569 4233 687 4284 omnes
703 4210 735 4282 br
751 4209 895 4305 fingulos
912 4210 1037 4309 absque
1051 4205 1262 4284 distinllione
1278 4215 1350 4309 pari
1366 4234 1442 4282 cum
1464 4211 1656 4285 concivibus
1669 4215 1748 4307 jure
1759 4210 1880 4284 haben·
1899 4225 2008 4290 Statua
2031 4223 2082 4289 114

404 4305 461 4382 ‘1⁰⁵
478 4303 565 4391 effe,
590 4303 750 4380 sancitum
761 4305 816 4391 fit,
840 4311 919 4381 hinc
934 4309 1114 4392 concludo,
1137 4310 1179 4379 ad
1193 4310 1283 4381 nulla
1297 4308 1451 4405 politica,
1476 4305 1623 4387 subditos
1639 4312 1882 4393 concernentia,
1896 4309 1960 4373 lina
1983 4307 2074 4372 Poli-

406 4427 616 4505 quaecunque
630 4404 768 4480 demunt
782 4405 861 4495 sint,
885 4431 1009 4485 annum
1025 4406 1250 4486 decretorium
1264 4403 1429 4485 direllunt
1443 4403 1518 4486 effe.
1812 4503 1815 4507 Ι
1895 4391 2051 4542 ffigucffit

1876 4593 1887 4621 .

519 4537 653 4618 Tannus
692 4535 771 4621 JV.
1223 4544 1315 4649 Q
1798 4543 1873 4637 §.X

439 4707 562 4780 illota
578 4707 627 4795 a).
1204 4733 1209 4746 ·
