4950 5567
591 617 927 702 neomutus
953 619 1228 725 Quonmut
1250 623 1627 710 orrtorvonnrrs
1653 631 1723 708 uc.
1779 601 1785 610 ’
1833 659 1904 754 2„
1990 607 2008 666 '·
2033 735 2058 760 N

478 823 616 882 :xm
631 824 725 880 tento
746 802 853 897 magia
879 826 967 879 nnnc
987 806 1056 876 vim
1079 799 1170 875 suam
1193 799 1340 888 obtinet,
1370 805 1484 905 quod,
1515 831 1592 884 cum
1613 809 1729 902 regula
1752 790 1904 908 specialia

478 909 495 980 tl
510 911 644 980 Norrn.
664 903 765 977 semel
780 897 955 975 constituta
971 905 1167 975 exercitium
1184 926 1252 975 tam
1269 905 1465 1000 publicum,
1491 931 1593 1007 quatu
1615 915 1784 1006 privatum
1806 935 1846 982 ex
1864 914 1904 982 il·

490 999 688 1105 posseffione
705 997 891 1074 concessum
908 997 1171 1096 complellatur‚
1197 1005 1277 1092 §vus
1297 1008 1398 1075 etiam
1414 1025 1525 1078 xxvi
1537 1029 1562 1079 1.
1583 1009 1643 1103 qui
1662 1029 1820 1104 tanquam
1843 1034 1912 1080 cnr

478 1108 557 1180 erice
568 1101 644 1198 ejut
659 1105 812 1196 exceptio
827 1096 1071 1184 confiderarur,
1088 1101 1123 1172 id
1137 1125 1204 1172 non
1222 1099 1417 1186 excluserit,
1433 1125 1471 1173 ut
1487 1102 1601 1177 rursus
1614 1103 1764 1200 specialis
1777 1105 1834 1178 illa
1848 1125 1903 1180 re·¹

478 1203 704 1294 idrexeeptio
721 1199 763 1271 de
780 1199 901 1271 iisdem
925 1200 1077 1270 terminis
1101 1197 1269 1271 habilibus
1289 1199 1529 1293 intelligantur.
1596 1204 1667 1275 Ubi
1687 1206 1778 1277 enim
1799 1201 1902 1278 semel
1994 1267 1999 1276 .

477 1299 597 1386 efficere
610 1301 711 1391 Legis
729 1295 761 1369 se
779 1295 937 1388 adstringi
956 1293 1033 1391 passi
1046 1294 1120 1369 sunt
1137 1296 1303 1369 Catholici
1318 1299 1627 1398 edrelinquendum
1642 1298 1902 1375 necessariosub·

477 1425 486 1474 t
550 1393 698 1472 sseffioae
712 1395 804 1468 illiua
821 1396 897 1466 anni
913 1392 1028 1486 gavifit
1042 1392 1099 1466 sub
1116 1399 1260 1492 proprio
1267 1400 1417 1470 Domino
1431 1401 1626 1472 exercitium
1642 1401 1808 1495 privatum
1823 1421 1901 1475 cum

477 1499 497 1572 ι’
523 1521 563 1572 ux
580 1502 715 1572 annexis
732 1489 827 1566 simul
843 1489 1005 1590 possessis,
1031 1514 1124 1565 tanto
1141 1499 1251 1565 minua
1266 1490 1495 1570 difficileaelse
1508 1497 1713 1580 debuerunt,
1744 1523 1782 1568 ur
1802 1504 1902 1596 oppi·
1955 1535 1963 1548 ·
2007 1579 2010 1584 ,

477 1601 540 1670 rati
563 1591 680 1668 saltem
702 1591 845 1688 desuper
868 1593 976 1662 adhuc
999 1615 1074 1662 cum
1092 1594 1241 1663 Domino
1265 1591 1323 1666 suo
1347 1593 1525 1688 'transgere
1546 1590 1691 1693 possent,
1725 1597 1902 1696 multoque

477 1696 512 1789 ‚ic
527 1692 569 1771 ab
584 1693 680 1769 omni
694 1692 925 1786 emigrationis
940 1686 1125 1764 necessarie
1143 1684 1230 1787 jussu
1246 1686 1352 1766 securi
1366 1693 1591 1792 persisterent.

1088 1925 1125 2018 ς.
1173 1917 1244 1998 tx.

523 2074 648 2180 Qrotd
672 2073 817 2153 alterurn
834 2099 917 2153 vero
932 2069 1132 2176 Qiteilionia
1152 2073 1282 2153 sensum
1301 2076 1429 2155 inversa
1446 2073 1519 2156 fare
1539 2077 1793 2176 argumentandi
1812 2084 1901 2158 ratio

478 2203 545 2254 aet.
590 2184 686 2252 Nam
706 2175 746 2251 ub
764 2174 968 2276 eapreffione
983 2183 1083 2252 unius
1105 2178 1146 2249 ad
1159 2177 1379 2253 exclusionem
1400 2179 1537 2254 alterius
1553 2205 1620 2252 non
1635 2178 1768 2294 semper
1782 2207 1902 2280 proce·
1962 2267 1967 2278 .

477 2297 723 2374 argumentum.
771 2281 818 2349 Ex
835 2301 876 2350 eo
898 2301 997 2370 ergo,
1024 2277 1117 2375 quod
1134 2277 1258 2349 dicitur
1273 2274 1373 2373 super
1387 2277 1523 2376 publico
1538 2278 1723 2371 Religionis
1739 2284 1900 2353 exercitio

476 2375 656 2474 iligendum
673 2370 757 2458 else,
781 2400 848 2447 uon
874 2372 1026 2471 sequitur
1050 2372 1311 2473 supcr'privato
1334 2401 1376 2448 ne
1401 2378 1538 2475 quidem
1564 2373 1787 2450 transaslione
1811 2404 1899 2476 opus

482 2499 571 2560 ,aut
596 2477 663 2548 hoc
685 2475 836 2572 alioquin
860 2472 987 2546 deberi.
1048 2471 1174 2544 Eadem
1201 2475 1293 2545 enim
1325 2477 1437 2568 quoad
1467 2498 1649 2570 utrumque
1675 2465 1776 2547 intrat
1799 2481 1899 2560 ratio,

476 2597 564 2672 oque
581 2571 704 2671 scopite
720 2572 914 2670 Principum
934 2567 1261 2670 compaciscentiutn.
1321 2573 1518 2644 Generatim
1538 2595 1633 2642 antea
1653 2570 1763 2668 quoad
1780 2579 1899 2646 omnes
1953 2605 1956 2610 ·

476 2671 554 2747 litua
587 2671 715 2765 regulae
747 2672 1001 2769 Superioritatia
1024 2669 1261 2741 Territorialis
1288 2665 1498 2742 insistendum
1531 2691 1693 2768 putarunt
1720 2669 1899 2754 Catholici,

476 2771 590 2846 inulla
604 2771 707 2862 Legis
723 2763 909 2840 necessitate
928 2766 970 2839 ad
994 2770 1190 2840 exercitium
1213 2765 1266 2838 vel
1290 2771 1460 2865 privatum
1484 2769 1537 2842 vel
1563 2764 1734 2865 publicum
1759 2763 1898 2840 subditis

476 2867 660 2946 edendum
675 2863 823 2938 adstrilli
844 2861 908 2939 elle
929 2865 1103 2948 volebant;
1131 2866 1209 2936 talia
1224 2885 1336 2936 tamen
1357 2889 1622 2962 temperamenta
1640 2889 1659 2936 a
1675 2863 1707 2938 sc
1722 2861 1800 2961 ipfia
1820 2891 1900 2962 pro·

476 2993 482 3039 i
499 2989 605 3042 motu
623 2965 656 3037 dr
673 2959 857 3062 spontaneo
872 2959 1082 3035 subditorum
1097 2987 1210 3036 amore
1226 2962 1450 3056 suggerenda,
1476 2963 1643 3058 talemque
1663 2961 1899 3040 discretionem

476 3065 633 3142 ibendam
655 3062 737 3145 else,
763 3086 801 3133 ut
828 3060 965 3132 subditis
989 3059 1118 3133 nullum
1142 3061 1254 3159 quoad
1277 3059 1511 3133 conscientiam
1534 3061 1684 3158 ipsorum
1706 3085 1898 3154 gravamen,

476 3189 507 3238 te
526 3189 613 3237 vero
628 3165 671 3232 iis
695 3162 736 3233 de
756 3161 899 3256 proprio
927 3161 1120 3255 Principum
1145 3156 1310 3231 beneficio
1333 3159 1501 3251 gaudendi
1524 3164 1680 3230 materies
1706 3159 1898 3256 superesset.

476 3287 589 3336 :veto
616 3258 729 3357 quoad
751 3257 900 3330 subditos
919 3259 1161 3354 oppignoratos
1184 3280 1223 3328 ex
1245 3257 1429 3330 rationibus
1454 3254 1553 3354 supra
1570 3257 1717 3349 allegatis
1740 3263 1845 3351 magis
1862 3264 1897 3331 in

476 3361 624 3436 oadhuc
640 3354 758 3428 rcltlla
774 3351 849 3427 suit.
896 3359 935 3425 In
957 3349 1108 3426 savorem
1123 3377 1204 3446 ergo
1218 3357 1444 3427 Domitiorum
1459 3357 1680 3439 reluentium,
1706 3359 1823 3448 regula
1842 3382 1898 3450 gc·

475 3463 508 3533 ili
518 3451 1026 3557 SuperioritarisTerritorialis
1039 3454 1267 3536 munitorum,
1292 3451 1471 3525 transallio
1486 3451 1683 3551 preservato
1697 3479 1773 3525 cum
1784 3449 1899 3539 suerit,

475 3561 637 3632 nivatam
649 3577 784 3652 quoque
800 3548 1213 3623 exercitiumsubditorum
1229 3552 1300 3643 ejus
1314 3549 1562 3645 necessitasjure
1575 3556 1706 3647 optimo
1724 3557 1899 3647 pertinere

475 3657 579 3739 etur,
604 3678 682 3727 curn
709 3673 803 3745 arque
826 3646 936 3722 eidem
960 3648 1104 3740 regule,
1133 3650 1310 3719 intentioni
1337 3648 1593 3731 Paciscendum,
1621 3649 1772 3744 drl'copo
1798 3656 1898 3744 Legio

475 3782 504 3830 ts
522 3751 680 3854 specialis
695 3745 897 3820 adversetur.
948 3745 1051 3818 Unde
1074 3769 1166 3817 exem
1194 3745 1223 3815 la
1245 3748 1396 3842 quaedam
1414 3748 1454 3817 ad
1472 3748 1641 3820 Dominus
1655 3751 1898 3823 Territoriales

475 3855 612 3928 tinentia
629 3851 665 3920 in
682 3847 889 3918 subditorum
905 3837 1056 3916 favorem
1072 3868 1139 3914 non
1155 3771 1228 3914 fflut
1245 3845 1459 3916 extendenda.
1509 3842 1558 3916 lta
1574 3871 1716 3916 enim-ex
1729 3872 1788 3928 cn,
1806 3853 1899 3944 quod

477 3957 538 4025 .V.
556 3954 585 4042 §.
599 3967 712 4021 xum.
734 3947 767 4016 in
785 3945 980 4016 Territorio
997 3937 1211 4014 controverso
1230 3939 1395 4039 pendente
1410 3939 1631 4014 controversia
1649 3942 1815 4040 possessori
1832 3959 1899 4019 Au·

475 4055 595 4122 Norm.
616 4045 705 4116 idem
732 4047 793 4139 Jus
814 4045 912 4135 qtroad
937 4045 1113 4111 exercitium
1136 4043 1282 4133 polluunt
1310 4038 1422 4112 saltem
1448 4037 1624 4124 asseratur,
1652 4046 1684 4111 iu
1713 4048 1752 4112 iis
1780 4047 1899 4118 itidem

478 4175 510 4230 s,
537 4147 596 4218 ubi
613 4139 780 4214 Catholici
800 4141 891 4210 dtu.
907 4142 946 4210 C.
965 4143 1074 4209 Statua
1100 4160 1139 4207 er
1162 4161 1258 4234 aequo
1278 4142 1362 4235 Jure
1384 4143 1633 4235 Superiorituis
1656 4143 1817 4230 gaudent,
1844 4137 1900 4214 ra.

475 4272 500 4318 ie
515 4248 626 4341 pelliti
650 4238 764 4312 saltem
787 4241 924 4309 exercitii
942 4235 1032 4306 idem
1047 4237 1155 4306 Status
1178 4260 1315 4309 manere
1330 4237 1544 4318 decernatur,
1572 4247 1629 4335 qui
1647 4235 1710 4312 suit
1729 4269 1813 4313 imno
1829 4244 1899 4314 dic·

475 4337 711 4444 :supradiilis3
741 4335 839 4410 alteri
860 4336 903 4407 de
924 4335 1121 4409 Territorio
1142 4335 1358 4410 controverso
1379 4337 1596 4430 colliriganti,
1622 4362 1677 4413 aut
1698 4337 1795 4410 alteri
1812 4344 1901 4480 Cpr·

1838 4479 1853 4508 Q
1866 4475 1874 4508 '.
1887 4481 1899 4499 0

585 4569 651 4638 uni
666 4580 739 4646 tuot
759 4554 856 4646 lirun
881 4565 926 4631 bit
940 4560 1130 4642 noliensium
1146 4564 1234 4631 intur
1254 4559 1350 4641 holten
1370 4567 1491 4642 novet,
1516 4565 1569 4644 nti
1591 4563 1729 4651 respectu
1753 4589 1846 4634 exen-
1866 4575 1901 4639 :ii
2024 4583 2028 4592 ·

527 4652 731 4819 plritpputp'pppn
745 4647 846 4733 [cimel
863 4665 895 4730 ιιι
911 4648 1019 4729 abulen
1033 4651 1105 4732 ulmi
1123 4644 1242 4730 uelud),
1267 4653 1364 4718 mctlcu
1381 4668 1411 4722 ct
1428 4661 1510 4724 nulcr
1524 4655 1585 4720 lem
1601 4652 1757 4719 exercitio
1770 4657 1900 4738 puluaco

557 4754 566 4806 l
719 4776 729 4806 ο
