<?xml version="1.0" encoding="UTF-8"?>
<!DOCTYPE html PUBLIC "-//W3C//DTD XHTML 1.0 Transitional//EN"
    "http://www.w3.org/TR/xhtml1/DTD/xhtml1-transitional.dtd">
<html xmlns="http://www.w3.org/1999/xhtml" xml:lang="en" lang="en">
 <head>
  <title>
</title>
<meta http-equiv="Content-Type" content="text/html;charset=utf-8" />
  <meta name='ocr-system' content='tesseract 3.04.00' />
  <meta name='ocr-capabilities' content='ocr_page ocr_carea ocr_par ocr_line ocrx_word'/>
</head>
<body>
  <div class='ocr_page' id='page_1' title='image "./thesavrvsivrise04schmgoog_0773.png"; bbox 0 0 4950 5567; ppageno 0'>
   <div class='ocr_carea' id='block_1_1' title="bbox 383 627 1892 761">
    <p class='ocr_par' dir='ltr' id='par_1_1' title="bbox 383 627 1892 761">
     <span class='ocr_line' id='line_1_1' title="bbox 383 627 1892 761; baseline 0.017 -49"><span class='ocrx_word' id='word_1_1' title='bbox 383 699 389 712; x_wconf 89' lang='lat'><em>.</em></span> <span class='ocrx_word' id='word_1_2' title='bbox 457 633 530 711; x_wconf 83' lang='lat' dir='ltr'>DE</span> <span class='ocrx_word' id='word_1_3' title='bbox 545 627 702 708; x_wconf 79' lang='lat' dir='ltr'><strong>MODO</strong></span> <span class='ocrx_word' id='word_1_4' title='bbox 723 629 925 711; x_wconf 82' lang='lat' dir='ltr'>AGENDl</span> <span class='ocrx_word' id='word_1_5' title='bbox 940 629 998 708; x_wconf 81' lang='grc' dir='ltr'>ΙΝ</span> <span class='ocrx_word' id='word_1_6' title='bbox 1013 627 1207 734; x_wconf 74' lang='lat' dir='ltr'>causis,</span> <span class='ocrx_word' id='word_1_7' title='bbox 1232 633 1290 713; x_wconf 92' lang='lat' dir='ltr'>lN</span> <span class='ocrx_word' id='word_1_8' title='bbox 1305 637 1488 739; x_wconf 85' lang='lat' dir='ltr'>QUIBUS</span> <span class='ocrx_word' id='word_1_9' title='bbox 1506 642 1703 728; x_wconf 81' lang='lat' dir='ltr'>STATUS</span> <span class='ocrx_word' id='word_1_10' title='bbox 1721 654 1787 733; x_wconf 84' lang='lat' dir='ltr'>dte.</span> <span class='ocrx_word' id='word_1_11' title='bbox 1820 683 1892 761; x_wconf 79' lang='lat'>759</span> 
     </span>
    </p>
   </div>
   <div class='ocr_carea' id='block_1_2' title="bbox 358 791 1893 2667">
    <p class='ocr_par' dir='ltr' id='par_1_2' title="bbox 358 789 1893 2667">
     <span class='ocr_line' id='line_1_2' title="bbox 394 791 1887 927; baseline 0.014 -39.496"><span class='ocrx_word' id='word_1_12' title='bbox 394 791 467 888; x_wconf 75' lang='lat' dir='ltr'>¹bus</span> <span class='ocrx_word' id='word_1_13' title='bbox 488 815 666 886; x_wconf 88' lang='lat' dir='ltr'>imminete</span> <span class='ocrx_word' id='word_1_14' title='bbox 689 835 728 883; x_wconf 88' lang='lat' dir='ltr'>eit</span> <span class='ocrx_word' id='word_1_15' title='bbox 753 813 809 885; x_wconf 87' lang='lat' dir='ltr'>tali</span> <span class='ocrx_word' id='word_1_16' title='bbox 832 817 990 904; x_wconf 84' lang='lat' dir='ltr'>negotio,</span> <span class='ocrx_word' id='word_1_17' title='bbox 1021 816 1146 927; x_wconf 75' lang='lat' dir='ltr'>inquo</span> <span class='ocrx_word' id='word_1_18' title='bbox 1170 841 1237 888; x_wconf 93' lang='lat' dir='ltr'>non</span> <span class='ocrx_word' id='word_1_19' title='bbox 1268 820 1366 914; x_wconf 87' lang='lat' dir='ltr'>pauci</span> <span class='ocrx_word' id='word_1_20' title='bbox 1397 819 1574 897; x_wconf 84' lang='lat' dir='ltr'>decorum</span> <span class='ocrx_word' id='word_1_21' title='bbox 1601 852 1688 903; x_wconf 84' lang='lat' dir='ltr'>eoetu</span> <span class='ocrx_word' id='word_1_22' title='bbox 1710 831 1774 907; x_wconf 94' lang='lat' dir='ltr'>hoc</span> <span class='ocrx_word' id='word_1_23' title='bbox 1795 837 1887 927; x_wconf 67' lang='lat' dir='ltr'>ipso,</span> 
     </span>
     <span class='ocr_line' id='line_1_3' title="bbox 359 911 1884 1019; baseline 0.013 -37"><span class='ocrx_word' id='word_1_24' title='bbox 359 921 362 932; x_wconf 89' lang='lat'>&#39;</span> <span class='ocrx_word' id='word_1_25' title='bbox 400 912 493 1010; x_wconf 83' lang='lat' dir='ltr'>quod</span> <span class='ocrx_word' id='word_1_26' title='bbox 518 911 747 1006; x_wconf 87' lang='lat' dir='ltr'>sintejusdem</span> <span class='ocrx_word' id='word_1_27' title='bbox 768 935 846 982; x_wconf 89' lang='lat' dir='ltr'>cuin</span> <span class='ocrx_word' id='word_1_28' title='bbox 870 912 1052 987; x_wconf 88' lang='lat' dir='ltr'>Catholicis</span> <span class='ocrx_word' id='word_1_29' title='bbox 1073 917 1258 997; x_wconf 71' lang='lat' dir='ltr'>sententie,</span> <span class='ocrx_word' id='word_1_30' title='bbox 1292 917 1502 992; x_wconf 86' lang='lat' dir='ltr'>nullumtale</span> <span class='ocrx_word' id='word_1_31' title='bbox 1525 929 1712 1019; x_wconf 89' lang='lat' dir='ltr'>periculum</span> <span class='ocrx_word' id='word_1_32' title='bbox 1729 957 1884 1009; x_wconf 78' lang='lat' dir='ltr'>metueti-</span> 
     </span>
     <span class='ocr_line' id='line_1_4' title="bbox 360 1009 1884 1121; baseline 0.015 -38"><span class='ocrx_word' id='word_1_33' title='bbox 360 1019 365 1028; x_wconf 87' lang='grc'><em>“</em></span> <span class='ocrx_word' id='word_1_34' title='bbox 397 1013 481 1084; x_wconf 79' lang='lat' dir='ltr'>alunt</span> <span class='ocrx_word' id='word_1_35' title='bbox 498 1009 653 1080; x_wconf 89' lang='lat' dir='ltr'>llatuunt.</span> <span class='ocrx_word' id='word_1_36' title='bbox 707 1009 807 1104; x_wconf 83' lang='lat' dir='ltr'>Qiod</span> <span class='ocrx_word' id='word_1_37' title='bbox 824 1010 866 1080; x_wconf 89' lang='lat' dir='ltr'>de</span> <span class='ocrx_word' id='word_1_38' title='bbox 882 1011 1064 1083; x_wconf 85' lang='lat' dir='ltr'>Catholicis</span> <span class='ocrx_word' id='word_1_39' title='bbox 1079 1011 1243 1106; x_wconf 89' lang='lat' dir='ltr'>quosdam</span> <span class='ocrx_word' id='word_1_40' title='bbox 1258 1012 1513 1090; x_wconf 84' lang='lat' dir='ltr'>Proteilantium</span> <span class='ocrx_word' id='word_1_41' title='bbox 1526 1024 1559 1091; x_wconf 92' lang='lat' dir='ltr'>in</span> <span class='ocrx_word' id='word_1_42' title='bbox 1576 1020 1647 1095; x_wconf 85' lang='lat' dir='ltr'>suas</span> <span class='ocrx_word' id='word_1_43' title='bbox 1664 1049 1776 1121; x_wconf 88' lang='lat' dir='ltr'>partes</span> <span class='ocrx_word' id='word_1_44' title='bbox 1791 1027 1884 1105; x_wconf 86' lang='lat' dir='ltr'>sacil-</span> 
     </span>
     <span class='ocr_line' id='line_1_5' title="bbox 359 1106 1891 1213; baseline 0.008 -35"><span class='ocrx_word' id='word_1_45' title='bbox 359 1123 365 1198; x_wconf 54' lang='grc' dir='ltr'>ζ</span> <span class='ocrx_word' id='word_1_46' title='bbox 403 1109 487 1181; x_wconf 89' lang='lat' dir='ltr'>lime</span> <span class='ocrx_word' id='word_1_47' title='bbox 504 1107 723 1204; x_wconf 76' lang='lat' dir='ltr'>pertral&#39;luris</span> <span class='ocrx_word' id='word_1_48' title='bbox 747 1106 945 1202; x_wconf 87' lang='lat' dir='ltr'>suspicatur,</span> <span class='ocrx_word' id='word_1_49' title='bbox 970 1111 1003 1178; x_wconf 91' lang='lat' dir='ltr'>id</span> <span class='ocrx_word' id='word_1_50' title='bbox 1018 1109 1183 1180; x_wconf 80' lang='lat' dir='ltr'>Catholici</span> <span class='ocrx_word' id='word_1_51' title='bbox 1203 1115 1330 1206; x_wconf 89' lang='lat' dir='ltr'>potiori</span> <span class='ocrx_word' id='word_1_52' title='bbox 1349 1113 1424 1207; x_wconf 87' lang='lat' dir='ltr'>jure</span> <span class='ocrx_word' id='word_1_53' title='bbox 1439 1140 1457 1184; x_wconf 88' lang='lat' dir='ltr'>a</span> <span class='ocrx_word' id='word_1_54' title='bbox 1471 1139 1566 1213; x_wconf 88' lang='lat' dir='ltr'>parre</span> <span class='ocrx_word' id='word_1_55' title='bbox 1585 1118 1640 1191; x_wconf 91' lang='lat' dir='ltr'>siia</span> <span class='ocrx_word' id='word_1_56' title='bbox 1660 1121 1793 1196; x_wconf 77' lang='lat' dir='ltr'>aduersa</span> <span class='ocrx_word' id='word_1_57' title='bbox 1808 1134 1891 1204; x_wconf 88' lang='lat' dir='ltr'>cxii.</span> 
     </span>
     <span class='ocr_line' id='line_1_6' title="bbox 359 1208 1893 1316; baseline 0.014 -38"><span class='ocrx_word' id='word_1_58' title='bbox 359 1217 367 1296; x_wconf 67' lang='grc' dir='ltr'>ζ</span> <span class='ocrx_word' id='word_1_59' title='bbox 405 1209 574 1286; x_wconf 88' lang='lat' dir='ltr'>melcunt,</span> <span class='ocrx_word' id='word_1_60' title='bbox 602 1209 762 1275; x_wconf 84' lang='lat' dir='ltr'>nimirum</span> <span class='ocrx_word' id='word_1_61' title='bbox 780 1218 818 1274; x_wconf 87' lang='lat' dir='ltr'>A.</span> <span class='ocrx_word' id='word_1_62' title='bbox 835 1209 874 1276; x_wconf 91' lang='lat' dir='ltr'>C.</span> <span class='ocrx_word' id='word_1_63' title='bbox 892 1209 1001 1292; x_wconf 85' lang='lat' dir='ltr'>Status</span> <span class='ocrx_word' id='word_1_64' title='bbox 1023 1211 1147 1278; x_wconf 92' lang='lat' dir='ltr'>minori</span> <span class='ocrx_word' id='word_1_65' title='bbox 1164 1208 1265 1300; x_wconf 87' lang='lat' dir='ltr'>louge</span> <span class='ocrx_word' id='word_1_66' title='bbox 1286 1235 1389 1303; x_wconf 85' lang='lat' dir='ltr'>opera</span> <span class='ocrx_word' id='word_1_67' title='bbox 1408 1215 1447 1282; x_wconf 91' lang='lat' dir='ltr'>ad</span> <span class='ocrx_word' id='word_1_68' title='bbox 1466 1211 1623 1288; x_wconf 89' lang='lat' dir='ltr'>assensum</span> <span class='ocrx_word' id='word_1_69' title='bbox 1646 1220 1758 1316; x_wconf 83' lang='lat' dir='ltr'>pellici</span> <span class='ocrx_word' id='word_1_70' title='bbox 1774 1221 1893 1299; x_wconf 83' lang='lat' dir='ltr'>vafris·</span> 
     </span>
     <span class='ocr_line' id='line_1_7' title="bbox 358 1300 1891 1405; baseline 0.016 -32"><span class='ocrx_word' id='word_1_71' title='bbox 358 1317 366 1396; x_wconf 70' lang='lat' dir='ltr'><strong>j</strong></span> <span class='ocrx_word' id='word_1_72' title='bbox 405 1329 474 1402; x_wconf 88' lang='lat' dir='ltr'>que</span> <span class='ocrx_word' id='word_1_73' title='bbox 496 1300 761 1399; x_wconf 79' lang='lat' dir='ltr'>persuasionibus</span> <span class='ocrx_word' id='word_1_74' title='bbox 785 1305 975 1398; x_wconf 85' lang='lat' dir='ltr'>permoveri</span> <span class='ocrx_word' id='word_1_75' title='bbox 999 1301 1112 1400; x_wconf 87' lang='lat' dir='ltr'>posse,</span> <span class='ocrx_word' id='word_1_76' title='bbox 1137 1327 1175 1374; x_wconf 91' lang='lat' dir='ltr'>ur</span> <span class='ocrx_word' id='word_1_77' title='bbox 1199 1330 1275 1375; x_wconf 88' lang='lat' dir='ltr'>cuin</span> <span class='ocrx_word' id='word_1_78' title='bbox 1297 1311 1409 1402; x_wconf 84' lang='lat' dir='ltr'>paucis</span> <span class='ocrx_word' id='word_1_79' title='bbox 1433 1310 1655 1405; x_wconf 87' lang='lat' dir='ltr'>quibusdam,</span> <span class='ocrx_word' id='word_1_80' title='bbox 1712 1345 1831 1394; x_wconf 85' lang='lat' dir='ltr'>uorum</span> <span class='ocrx_word' id='word_1_81' title='bbox 1854 1326 1891 1399; x_wconf 89' lang='lat' dir='ltr'>id</span> 
     </span>
     <span class='ocr_line' id='line_1_8' title="bbox 359 1343 1889 1509; baseline 0.014 -35"><span class='ocrx_word' id='word_1_82' title='bbox 359 1415 366 1426; x_wconf 88' lang='lat'>&#39;</span> <span class='ocrx_word' id='word_1_83' title='bbox 404 1399 667 1501; x_wconf 87' lang='lat' dir='ltr'>poscitutilitas,</span> <span class='ocrx_word' id='word_1_84' title='bbox 690 1402 723 1469; x_wconf 93' lang='lat' dir='ltr'>in</span> <span class='ocrx_word' id='word_1_85' title='bbox 737 1401 963 1495; x_wconf 86' lang='lat' dir='ltr'>arripiendam</span> <span class='ocrx_word' id='word_1_86' title='bbox 977 1403 1009 1470; x_wconf 93' lang='lat' dir='ltr'>iii</span> <span class='ocrx_word' id='word_1_87' title='bbox 1022 1398 1596 1498; x_wconf 79' lang='lat' dir='ltr'>pariesdisceshonemtonsentiant,</span> <span class='ocrx_word' id='word_1_88' title='bbox 1617 1343 1889 1509; x_wconf 73' lang='lat' dir='ltr'>prasertimcum</span> 
     </span>
     <span class='ocr_line' id='line_1_9' title="bbox 402 1496 1886 1604; baseline 0.015 -32"><span class='ocrx_word' id='word_1_89' title='bbox 402 1524 443 1574; x_wconf 85' lang='lat' dir='ltr'>ex</span> <span class='ocrx_word' id='word_1_90' title='bbox 458 1496 539 1570; x_wconf 69' lang='lat' dir='ltr'>aslis</span> <span class='ocrx_word' id='word_1_91' title='bbox 556 1497 698 1596; x_wconf 88' lang='lat' dir='ltr'>publicis</span> <span class='ocrx_word' id='word_1_92' title='bbox 715 1496 748 1568; x_wconf 82' lang='lat' dir='ltr'>di</span> <span class='ocrx_word' id='word_1_93' title='bbox 765 1501 904 1594; x_wconf 87' lang='lat' dir='ltr'>propria</span> <span class='ocrx_word' id='word_1_94' title='bbox 928 1497 1183 1571; x_wconf 86' lang='lat' dir='ltr'>Prorellantium</span> <span class='ocrx_word' id='word_1_95' title='bbox 1203 1497 1404 1574; x_wconf 81' lang='lat' dir='ltr'>confessione</span> <span class='ocrx_word' id='word_1_96' title='bbox 1424 1503 1565 1591; x_wconf 91' lang='lat' dir='ltr'>conslet,</span> <span class='ocrx_word' id='word_1_97' title='bbox 1591 1512 1717 1604; x_wconf 84' lang='lat' dir='ltr'>legatas</span> <span class='ocrx_word' id='word_1_98' title='bbox 1732 1521 1886 1594; x_wconf 86' lang='lat' dir='ltr'>Deorum</span> 
     </span>
     <span class='ocr_line' id='line_1_10' title="bbox 397 1594 1882 1714; baseline 0.013 -43"><span class='ocrx_word' id='word_1_99' title='bbox 397 1602 571 1672; x_wconf 89' lang='lat' dir='ltr'>minorum</span> <span class='ocrx_word' id='word_1_100' title='bbox 592 1598 742 1692; x_wconf 86' lang='lat' dir='ltr'>gentium</span> <span class='ocrx_word' id='word_1_101' title='bbox 766 1596 857 1665; x_wconf 88' lang='lat' dir='ltr'>adid</span> <span class='ocrx_word' id='word_1_102' title='bbox 882 1597 1083 1686; x_wconf 78' lang='lat' dir='ltr'>generaliter</span> <span class='ocrx_word' id='word_1_103' title='bbox 1105 1594 1169 1667; x_wconf 89' lang='lat' dir='ltr'>esse</span> <span class='ocrx_word' id='word_1_104' title='bbox 1189 1595 1385 1683; x_wconf 75' lang='lat' dir='ltr'>insltullos,</span> <span class='ocrx_word' id='word_1_105' title='bbox 1419 1624 1456 1673; x_wconf 93' lang='lat' dir='ltr'>ut</span> <span class='ocrx_word' id='word_1_106' title='bbox 1481 1629 1651 1701; x_wconf 90' lang='lat' dir='ltr'>nunquam</span> <span class='ocrx_word' id='word_1_107' title='bbox 1676 1611 1795 1696; x_wconf 86' lang='lat' dir='ltr'>abiis,</span> <span class='ocrx_word' id='word_1_108' title='bbox 1821 1611 1882 1714; x_wconf 81' lang='lat' dir='ltr'>qui</span> 
     </span>
     <span class='ocr_line' id='line_1_11' title="bbox 398 1690 1881 1792; baseline 0.011 -24"><span class='ocrx_word' id='word_1_109' title='bbox 398 1719 560 1792; x_wconf 86' lang='lat' dir='ltr'>tauquam</span> <span class='ocrx_word' id='word_1_110' title='bbox 577 1692 803 1786; x_wconf 88' lang='lat' dir='ltr'>antesignanos</span> <span class='ocrx_word' id='word_1_111' title='bbox 818 1690 865 1764; x_wconf 91' lang='lat' dir='ltr'>sui</span> <span class='ocrx_word' id='word_1_112' title='bbox 878 1718 982 1764; x_wconf 81' lang='lat' dir='ltr'>totus</span> <span class='ocrx_word' id='word_1_113' title='bbox 999 1690 1064 1765; x_wconf 88' lang='lat' dir='ltr'>sese</span> <span class='ocrx_word' id='word_1_114' title='bbox 1080 1691 1246 1777; x_wconf 84' lang='lat' dir='ltr'>efferunt,</span> <span class='ocrx_word' id='word_1_115' title='bbox 1272 1693 1303 1768; x_wconf 88' lang='lat' dir='ltr'>se</span> <span class='ocrx_word' id='word_1_116' title='bbox 1320 1694 1503 1791; x_wconf 87' lang='lat' dir='ltr'>segregent.</span> <span class='ocrx_word' id='word_1_117' title='bbox 1553 1707 1595 1776; x_wconf 89' lang='lat' dir='ltr'>Et</span> <span class='ocrx_word' id='word_1_118' title='bbox 1609 1703 1681 1778; x_wconf 84' lang='lat' dir='ltr'>sicx</span> <span class='ocrx_word' id='word_1_119' title='bbox 1697 1712 1881 1788; x_wconf 71' lang='lat' dir='ltr'>Catholicis</span> 
     </span>
     <span class='ocr_line' id='line_1_12' title="bbox 396 1789 1881 1893; baseline 0.012 -27"><span class='ocrx_word' id='word_1_120' title='bbox 396 1794 564 1893; x_wconf 83' lang='lat' dir='ltr'>quosdam</span> <span class='ocrx_word' id='word_1_121' title='bbox 577 1796 610 1864; x_wconf 92' lang='lat' dir='ltr'>in</span> <span class='ocrx_word' id='word_1_122' title='bbox 626 1789 779 1863; x_wconf 88' lang='lat' dir='ltr'>fraudem</span> <span class='ocrx_word' id='word_1_123' title='bbox 795 1791 925 1884; x_wconf 81' lang='lat' dir='ltr'>legis&amp;</span> <span class='ocrx_word' id='word_1_124' title='bbox 947 1792 986 1863; x_wconf 87' lang='lat' dir='ltr'>ad</span> <span class='ocrx_word' id='word_1_125' title='bbox 1005 1791 1059 1887; x_wconf 84' lang='lat' dir='ltr'>jits</span> <span class='ocrx_word' id='word_1_126' title='bbox 1074 1792 1176 1866; x_wconf 85' lang='lat' dir='ltr'>eundi</span> <span class='ocrx_word' id='word_1_127' title='bbox 1194 1794 1228 1862; x_wconf 92' lang='lat' dir='ltr'>in</span> <span class='ocrx_word' id='word_1_128' title='bbox 1246 1816 1357 1887; x_wconf 85' lang='lat' dir='ltr'>partes</span> <span class='ocrx_word' id='word_1_129' title='bbox 1373 1798 1588 1872; x_wconf 83' lang='lat' dir='ltr'>evertendum</span> <span class='ocrx_word' id='word_1_130' title='bbox 1604 1805 1644 1874; x_wconf 91' lang='lat' dir='ltr'>ad</span> <span class='ocrx_word' id='word_1_131' title='bbox 1660 1807 1881 1884; x_wconf 85' lang='lat' dir='ltr'>Proteslanres</span> 
     </span>
     <span class='ocr_line' id='line_1_13' title="bbox 394 1886 1883 2000; baseline 0.007 -37"><span class='ocrx_word' id='word_1_132' title='bbox 394 1895 602 1968; x_wconf 87' lang='lat' dir='ltr'>unanimiter</span> <span class='ocrx_word' id='word_1_133' title='bbox 616 1887 858 1963; x_wconf 86' lang='lat' dir='ltr'>consentientes</span> <span class='ocrx_word' id='word_1_134' title='bbox 878 1887 1015 1963; x_wconf 85' lang='lat' dir='ltr'>transire</span> <span class='ocrx_word' id='word_1_135' title='bbox 1030 1893 1260 1982; x_wconf 88' lang='lat' dir='ltr'>contingeret,</span> <span class='ocrx_word' id='word_1_136' title='bbox 1286 1886 1405 1965; x_wconf 87' lang='lat' dir='ltr'>fraude</span> <span class='ocrx_word' id='word_1_137' title='bbox 1427 1895 1556 1969; x_wconf 74' lang='lat' dir='ltr'>aetatu</span> <span class='ocrx_word' id='word_1_138' title='bbox 1576 1901 1658 1971; x_wconf 91' lang='lat' dir='ltr'>nihil</span> <span class='ocrx_word' id='word_1_139' title='bbox 1675 1905 1708 1974; x_wconf 93' lang='lat' dir='ltr'>id</span> <span class='ocrx_word' id='word_1_140' title='bbox 1727 1902 1883 2000; x_wconf 87' lang='lat' dir='ltr'>profutu.</span> 
     </span>
     <span class='ocr_line' id='line_1_14' title="bbox 392 1983 1881 2099; baseline 0.008 -33"><span class='ocrx_word' id='word_1_141' title='bbox 392 2015 475 2066; x_wconf 85' lang='lat' dir='ltr'>rum</span> <span class='ocrx_word' id='word_1_142' title='bbox 492 1993 635 2083; x_wconf 83' lang='lat' dir='ltr'>largior3</span> <span class='ocrx_word' id='word_1_143' title='bbox 662 2011 739 2060; x_wconf 92' lang='lat' dir='ltr'>cuin</span> <span class='ocrx_word' id='word_1_144' title='bbox 753 1983 795 2059; x_wconf 83' lang='lat' dir='ltr'>fic</span> <span class='ocrx_word' id='word_1_145' title='bbox 809 2011 965 2080; x_wconf 86' lang='lat' dir='ltr'>ageretur</span> <span class='ocrx_word' id='word_1_146' title='bbox 980 1986 1109 2084; x_wconf 81' lang='lat' dir='ltr'>dejure</span> <span class='ocrx_word' id='word_1_147' title='bbox 1124 1990 1185 2059; x_wconf 91' lang='lat' dir='ltr'>toti</span> <span class='ocrx_word' id='word_1_148' title='bbox 1203 1991 1291 2085; x_wconf 92' lang='lat' dir='ltr'>patri</span> <span class='ocrx_word' id='word_1_149' title='bbox 1311 1993 1435 2062; x_wconf 87' lang='lat' dir='ltr'>minori</span> <span class='ocrx_word' id='word_1_150' title='bbox 1459 1997 1661 2069; x_wconf 87' lang='lat' dir='ltr'>unanimiter</span> <span class='ocrx_word' id='word_1_151' title='bbox 1677 2000 1881 2099; x_wconf 86' lang='lat' dir='ltr'>conspiranti</span> 
     </span>
     <span class='ocr_line' id='line_1_15' title="bbox 392 2081 1880 2184; baseline 0.009 -22"><span class='ocrx_word' id='word_1_152' title='bbox 392 2113 436 2164; x_wconf 86' lang='lat' dir='ltr'>ex</span> <span class='ocrx_word' id='word_1_153' title='bbox 455 2091 530 2183; x_wconf 84' lang='lat' dir='ltr'>lege</span> <span class='ocrx_word' id='word_1_154' title='bbox 544 2086 679 2184; x_wconf 81' lang='lat' dir='ltr'>quaesito</span> <span class='ocrx_word' id='word_1_155' title='bbox 693 2081 923 2156; x_wconf 85' lang='lat' dir='ltr'>fraudulenter</span> <span class='ocrx_word' id='word_1_156' title='bbox 942 2085 1211 2169; x_wconf 77' lang='lat' dir='ltr'>interveniendo,</span> <span class='ocrx_word' id='word_1_157' title='bbox 1239 2081 1392 2159; x_wconf 87' lang='lat' dir='ltr'>fraudem</span> <span class='ocrx_word' id='word_1_158' title='bbox 1411 2113 1509 2171; x_wconf 85' lang='lat' dir='ltr'>veto,</span> <span class='ocrx_word' id='word_1_159' title='bbox 1534 2089 1624 2165; x_wconf 92' lang='lat' dir='ltr'>sicuti</span> <span class='ocrx_word' id='word_1_160' title='bbox 1641 2103 1765 2170; x_wconf 88' lang='lat' dir='ltr'>nemini</span> <span class='ocrx_word' id='word_1_161' title='bbox 1782 2126 1880 2176; x_wconf 85' lang='lat' dir='ltr'>noce·</span> 
     </span>
     <span class='ocr_line' id='line_1_16' title="bbox 389 2179 1878 2288; baseline 0.008 -28"><span class='ocrx_word' id='word_1_162' title='bbox 389 2213 452 2269; x_wconf 86' lang='lat' dir='ltr'>rc,</span> <span class='ocrx_word' id='word_1_163' title='bbox 478 2191 523 2259; x_wconf 88' lang='lat' dir='ltr'>ita</span> <span class='ocrx_word' id='word_1_164' title='bbox 543 2210 679 2283; x_wconf 85' lang='lat' dir='ltr'>quoque</span> <span class='ocrx_word' id='word_1_165' title='bbox 701 2183 825 2253; x_wconf 91' lang='lat' dir='ltr'>nemini</span> <span class='ocrx_word' id='word_1_166' title='bbox 850 2179 939 2279; x_wconf 84' lang='lat' dir='ltr'>polle</span> <span class='ocrx_word' id='word_1_167' title='bbox 960 2185 1174 2280; x_wconf 88' lang='lat' dir='ltr'>patrocinari.</span> <span class='ocrx_word' id='word_1_168' title='bbox 1225 2186 1318 2254; x_wconf 88' lang='lat' dir='ltr'>Sicut</span> <span class='ocrx_word' id='word_1_169' title='bbox 1340 2209 1451 2257; x_wconf 90' lang='lat' dir='ltr'>autem</span> <span class='ocrx_word' id='word_1_170' title='bbox 1468 2185 1557 2259; x_wconf 86' lang='lat' dir='ltr'>statis</span> <span class='ocrx_word' id='word_1_171' title='bbox 1579 2217 1643 2261; x_wconf 93' lang='lat' dir='ltr'>non</span> <span class='ocrx_word' id='word_1_172' title='bbox 1665 2189 1878 2288; x_wconf 69' lang='lat' dir='ltr'>praesumitur</span> 
     </span>
     <span class='ocr_line' id='line_1_17' title="bbox 383 2278 1876 2384; baseline 0.01 -29"><span class='ocrx_word' id='word_1_173' title='bbox 383 2283 580 2384; x_wconf 80' lang='lat' dir='ltr'>praesertim</span> <span class='ocrx_word' id='word_1_174' title='bbox 598 2286 720 2355; x_wconf 89' lang='lat' dir='ltr'>intuitu</span> <span class='ocrx_word' id='word_1_175' title='bbox 734 2283 886 2350; x_wconf 87' lang='lat' dir='ltr'>Statuum</span> <span class='ocrx_word' id='word_1_176' title='bbox 902 2285 934 2350; x_wconf 93' lang='lat' dir='ltr'>iti</span> <span class='ocrx_word' id='word_1_177' title='bbox 951 2304 1018 2351; x_wconf 93' lang='lat' dir='ltr'>tain</span> <span class='ocrx_word' id='word_1_178' title='bbox 1039 2279 1171 2351; x_wconf 86' lang='lat' dir='ltr'>sublimi</span> <span class='ocrx_word' id='word_1_179' title='bbox 1186 2278 1348 2370; x_wconf 83' lang='lat' dir='ltr'>dignitate</span> <span class='ocrx_word' id='word_1_180' title='bbox 1363 2283 1636 2369; x_wconf 78' lang='lat' dir='ltr'>constitutorum,</span> <span class='ocrx_word' id='word_1_181' title='bbox 1661 2295 1706 2362; x_wconf 89' lang='lat' dir='ltr'>ita</span> <span class='ocrx_word' id='word_1_182' title='bbox 1721 2290 1876 2371; x_wconf 87' lang='lat' dir='ltr'>fraudem</span> 
     </span>
     <span class='ocr_line' id='line_1_18' title="bbox 389 2376 1876 2482; baseline 0.009 -30"><span class='ocrx_word' id='word_1_183' title='bbox 389 2380 608 2481; x_wconf 83' lang='lat' dir='ltr'>praesumtam</span> <span class='ocrx_word' id='word_1_184' title='bbox 630 2379 752 2474; x_wconf 89' lang='lat' dir='ltr'>absque</span> <span class='ocrx_word' id='word_1_185' title='bbox 775 2376 927 2473; x_wconf 74' lang='lat' dir='ltr'>praesidio</span> <span class='ocrx_word' id='word_1_186' title='bbox 949 2379 1032 2470; x_wconf 88' lang='lat' dir='ltr'>legia</span> <span class='ocrx_word' id='word_1_187' title='bbox 1056 2378 1215 2459; x_wconf 89' lang='lat' dir='ltr'>eludere,</span> <span class='ocrx_word' id='word_1_188' title='bbox 1246 2401 1347 2473; x_wconf 85' lang='lat' dir='ltr'>atque</span> <span class='ocrx_word' id='word_1_189' title='bbox 1367 2379 1444 2473; x_wconf 86' lang='lat' dir='ltr'>jura</span> <span class='ocrx_word' id='word_1_190' title='bbox 1470 2385 1574 2476; x_wconf 87' lang='lat' dir='ltr'>partis</span> <span class='ocrx_word' id='word_1_191' title='bbox 1602 2388 1738 2482; x_wconf 85' lang='lat' dir='ltr'>majoris</span> <span class='ocrx_word' id='word_1_192' title='bbox 1760 2417 1876 2466; x_wconf 90' lang='lat' dir='ltr'>contra</span> 
     </span>
     <span class='ocr_line' id='line_1_19' title="bbox 390 2475 1878 2577; baseline 0.009 -24"><span class='ocrx_word' id='word_1_193' title='bbox 390 2475 628 2577; x_wconf 79' lang='lat' dir='ltr'>apertiffiniani</span> <span class='ocrx_word' id='word_1_194' title='bbox 644 2476 850 2558; x_wconf 83' lang='lat' dir='ltr'>summorum</span> <span class='ocrx_word' id='word_1_195' title='bbox 866 2478 1100 2574; x_wconf 74' lang='lat' dir='ltr'>paciscentium</span> <span class='ocrx_word' id='word_1_196' title='bbox 1122 2497 1269 2550; x_wconf 89' lang='lat' dir='ltr'>mentem</span> <span class='ocrx_word' id='word_1_197' title='bbox 1288 2501 1355 2549; x_wconf 92' lang='lat' dir='ltr'>uno</span> <span class='ocrx_word' id='word_1_198' title='bbox 1373 2478 1465 2552; x_wconf 86' lang='lat' dir='ltr'>velut</span> <span class='ocrx_word' id='word_1_199' title='bbox 1478 2475 1548 2552; x_wconf 75' lang='lat' dir='ltr'>iuu</span> <span class='ocrx_word' id='word_1_200' title='bbox 1561 2480 1728 2571; x_wconf 74' lang='lat' dir='ltr'>resecate,</span> <span class='ocrx_word' id='word_1_201' title='bbox 1756 2491 1878 2566; x_wconf 83' lang='lat' dir='ltr'>alimi-</span> 
     </span>
     <span class='ocr_line' id='line_1_20' title="bbox 393 2570 1364 2667; baseline -0.005 -15"><span class='ocrx_word' id='word_1_202' title='bbox 393 2577 485 2653; x_wconf 90' lang='lat' dir='ltr'>tibus</span> <span class='ocrx_word' id='word_1_203' title='bbox 501 2577 594 2653; x_wconf 85' lang='lat' dir='ltr'>bonae</span> <span class='ocrx_word' id='word_1_204' title='bbox 611 2574 690 2649; x_wconf 85' lang='lat' dir='ltr'>fidei</span> <span class='ocrx_word' id='word_1_205' title='bbox 705 2570 895 2667; x_wconf 84' lang='lat' dir='ltr'>longilllme</span> <span class='ocrx_word' id='word_1_206' title='bbox 903 2574 1046 2647; x_wconf 91' lang='lat' dir='ltr'>alienum</span> <span class='ocrx_word' id='word_1_207' title='bbox 1062 2570 1162 2647; x_wconf 86' lang='lat' dir='ltr'>foret.</span> <span class='ocrx_word' id='word_1_208' title='bbox 1362 2579 1364 2584; x_wconf 83' lang='lat'>&#39;</span> 
     </span>
    </p>
   </div>
   <div class='ocr_carea' id='block_1_3' title="bbox 1032 2739 1245 2855">
    <p class='ocr_par' dir='ltr' id='par_1_3' title="bbox 1032 2739 1245 2855">
     <span class='ocr_line' id='line_1_21' title="bbox 1032 2739 1245 2855; baseline 0.014 -17"><span class='ocrx_word' id='word_1_209' title='bbox 1032 2739 1068 2855; x_wconf 61' lang='grc' dir='ltr'>ς’.</span> <span class='ocrx_word' id='word_1_210' title='bbox 1118 2765 1245 2841; x_wconf 84' lang='lat' dir='ltr'><strong>xxx.</strong></span> 
     </span>
    </p>
   </div>
   <div class='ocr_carea' id='block_1_4' title="bbox 370 2887 1960 4641">
    <p class='ocr_par' dir='ltr' id='par_1_4' title="bbox 370 2887 1960 4641">
     <span class='ocr_line' id='line_1_22' title="bbox 375 2887 1874 3010; baseline 0.011 -39"><span class='ocrx_word' id='word_1_211' title='bbox 375 2893 388 2938; x_wconf 47' lang='lat'>¹·</span> <span class='ocrx_word' id='word_1_212' title='bbox 509 2897 646 2974; x_wconf 82' lang='lat' dir='ltr'>Frustra</span> <span class='ocrx_word' id='word_1_213' title='bbox 662 2901 817 2975; x_wconf 88' lang='lat' dir='ltr'>novitatis</span> <span class='ocrx_word' id='word_1_214' title='bbox 833 2902 942 2996; x_wconf 78' lang='lat' dir='ltr'>atg&#39;uir</span> <span class='ocrx_word' id='word_1_215' title='bbox 962 2907 1159 2996; x_wconf 76' lang='lat' dir='ltr'>Anonymus</span> <span class='ocrx_word' id='word_1_216' title='bbox 1180 2901 1272 2973; x_wconf 87' lang='lat' dir='ltr'>illam</span> <span class='ocrx_word' id='word_1_217' title='bbox 1294 2899 1547 2977; x_wconf 80' lang='lat' dir='ltr'>catholicorum</span> <span class='ocrx_word' id='word_1_218' title='bbox 1567 2899 1773 2993; x_wconf 77' lang='lat' dir='ltr'>dolltinam,</span> <span class='ocrx_word' id='word_1_219' title='bbox 1799 2887 1874 3010; x_wconf 55' lang='lat' dir='ltr'>qub.</span> 
     </span>
     <span class='ocr_line' id='line_1_23' title="bbox 388 2997 1875 3096; baseline 0.005 -21"><span class='ocrx_word' id='word_1_220' title='bbox 388 2999 587 3076; x_wconf 79' lang='lat' dir='ltr'>aditionem</span> <span class='ocrx_word' id='word_1_221' title='bbox 601 3003 634 3070; x_wconf 93' lang='lat' dir='ltr'>in</span> <span class='ocrx_word' id='word_1_222' title='bbox 649 3023 778 3096; x_wconf 86' lang='lat' dir='ltr'>partes,</span> <span class='ocrx_word' id='word_1_223' title='bbox 803 2999 867 3072; x_wconf 90' lang='lat' dir='ltr'>sive</span> <span class='ocrx_word' id='word_1_224' title='bbox 882 3001 970 3096; x_wconf 91' lang='lat' dir='ltr'>quod</span> <span class='ocrx_word' id='word_1_225' title='bbox 987 3000 1075 3069; x_wconf 91' lang='lat' dir='ltr'>idem</span> <span class='ocrx_word' id='word_1_226' title='bbox 1091 2997 1154 3081; x_wconf 87' lang='lat' dir='ltr'>cll,</span> <span class='ocrx_word' id='word_1_227' title='bbox 1178 3001 1217 3070; x_wconf 90' lang='lat' dir='ltr'>ad</span> <span class='ocrx_word' id='word_1_228' title='bbox 1232 2998 1422 3072; x_wconf 90' lang='lat' dir='ltr'>conclusum</span> <span class='ocrx_word' id='word_1_229' title='bbox 1438 3003 1573 3072; x_wconf 89' lang='lat' dir='ltr'>nomine</span> <span class='ocrx_word' id='word_1_230' title='bbox 1587 3009 1755 3078; x_wconf 89' lang='lat' dir='ltr'>communi</span> <span class='ocrx_word' id='word_1_231' title='bbox 1773 3007 1875 3083; x_wconf 85' lang='lat' dir='ltr'>confi·</span> 
     </span>
     <span class='ocr_line' id='line_1_24' title="bbox 389 3095 1960 3196; baseline 0.004 -23"><span class='ocrx_word' id='word_1_232' title='bbox 389 3099 548 3174; x_wconf 87' lang='lat' dir='ltr'>ciendum</span> <span class='ocrx_word' id='word_1_233' title='bbox 564 3095 630 3168; x_wconf 88' lang='lat' dir='ltr'>sola</span> <span class='ocrx_word' id='word_1_234' title='bbox 648 3098 773 3192; x_wconf 82' lang='lat' dir='ltr'>majora</span> <span class='ocrx_word' id='word_1_235' title='bbox 790 3125 855 3169; x_wconf 91' lang='lat' dir='ltr'>non</span> <span class='ocrx_word' id='word_1_236' title='bbox 873 3095 1021 3172; x_wconf 83' lang='lat' dir='ltr'>sufficere</span> <span class='ocrx_word' id='word_1_237' title='bbox 1039 3099 1227 3179; x_wconf 88' lang='lat' dir='ltr'>contendit,</span> <span class='ocrx_word' id='word_1_238' title='bbox 1253 3098 1398 3196; x_wconf 90' lang='lat' dir='ltr'>eoquod</span> <span class='ocrx_word' id='word_1_239' title='bbox 1415 3099 1596 3172; x_wconf 86' lang='lat' dir='ltr'>Catholicis</span> <span class='ocrx_word' id='word_1_240' title='bbox 1618 3098 1710 3174; x_wconf 91' lang='lat' dir='ltr'>subiti</span> <span class='ocrx_word' id='word_1_241' title='bbox 1724 3104 1875 3178; x_wconf 87' lang='lat' dir='ltr'>dubitati·</span> <span class='ocrx_word' id='word_1_242' title='bbox 1954 3139 1960 3152; x_wconf 63' lang='lat'>¹</span> 
     </span>
     <span class='ocr_line' id='line_1_25' title="bbox 390 3195 1874 3294; baseline 0.007 -25"><span class='ocrx_word' id='word_1_243' title='bbox 390 3195 484 3270; x_wconf 90' lang='lat' dir='ltr'>ribus</span> <span class='ocrx_word' id='word_1_244' title='bbox 500 3197 533 3267; x_wconf 83' lang='lat' dir='ltr'>dt</span> <span class='ocrx_word' id='word_1_245' title='bbox 552 3195 767 3286; x_wconf 85' lang='lat' dir='ltr'>rogantibus,</span> <span class='ocrx_word' id='word_1_246' title='bbox 794 3222 833 3268; x_wconf 86' lang='lat' dir='ltr'>an</span> <span class='ocrx_word' id='word_1_247' title='bbox 855 3220 970 3267; x_wconf 88' lang='lat' dir='ltr'>votum</span> <span class='ocrx_word' id='word_1_248' title='bbox 990 3198 1158 3265; x_wconf 88' lang='lat' dir='ltr'>communi</span> <span class='ocrx_word' id='word_1_249' title='bbox 1173 3199 1308 3268; x_wconf 89' lang='lat' dir='ltr'>nomine</span> <span class='ocrx_word' id='word_1_250' title='bbox 1322 3197 1489 3294; x_wconf 89' lang='lat' dir='ltr'>prolatum</span> <span class='ocrx_word' id='word_1_251' title='bbox 1511 3199 1611 3268; x_wconf 88' lang='lat' dir='ltr'>etiam</span> <span class='ocrx_word' id='word_1_252' title='bbox 1631 3207 1776 3274; x_wconf 90' lang='lat' dir='ltr'>unanimi</span> <span class='ocrx_word' id='word_1_253' title='bbox 1795 3207 1874 3280; x_wconf 87' lang='lat' dir='ltr'>Pro·</span> 
     </span>
     <span class='ocr_line' id='line_1_26' title="bbox 390 3289 1873 3380; baseline 0.004 -12"><span class='ocrx_word' id='word_1_254' title='bbox 390 3293 582 3368; x_wconf 75' lang='lat' dir='ltr'>testantium</span> <span class='ocrx_word' id='word_1_255' title='bbox 599 3291 754 3363; x_wconf 83' lang='lat' dir='ltr'>consensu</span> <span class='ocrx_word' id='word_1_256' title='bbox 782 3292 884 3365; x_wconf 86' lang='lat' dir='ltr'>fuerit</span> <span class='ocrx_word' id='word_1_257' title='bbox 900 3289 1109 3374; x_wconf 81' lang='lat' dir='ltr'>coiisellum,</span> <span class='ocrx_word' id='word_1_258' title='bbox 1134 3291 1174 3363; x_wconf 86' lang='lat' dir='ltr'>de</span> <span class='ocrx_word' id='word_1_259' title='bbox 1194 3294 1249 3363; x_wconf 90' lang='lat' dir='ltr'>tali</span> <span class='ocrx_word' id='word_1_260' title='bbox 1267 3297 1414 3364; x_wconf 91' lang='lat' dir='ltr'>unanimi</span> <span class='ocrx_word' id='word_1_261' title='bbox 1429 3297 1579 3380; x_wconf 81' lang='lat' dir='ltr'>omniurn</span> <span class='ocrx_word' id='word_1_262' title='bbox 1596 3298 1751 3370; x_wconf 84' lang='lat' dir='ltr'>consensu</span> <span class='ocrx_word' id='word_1_263' title='bbox 1772 3306 1873 3374; x_wconf 92' lang='lat' dir='ltr'>inter·</span> 
     </span>
     <span class='ocr_line' id='line_1_27' title="bbox 388 3388 1872 3493; baseline 0.009 -32"><span class='ocrx_word' id='word_1_264' title='bbox 388 3390 502 3493; x_wconf 76' lang='lat' dir='ltr'>posto</span> <span class='ocrx_word' id='word_1_265' title='bbox 514 3418 580 3461; x_wconf 91' lang='lat' dir='ltr'>nou</span> <span class='ocrx_word' id='word_1_266' title='bbox 597 3388 694 3462; x_wconf 89' lang='lat' dir='ltr'>semel</span> <span class='ocrx_word' id='word_1_267' title='bbox 713 3391 816 3462; x_wconf 89' lang='lat' dir='ltr'>teslati</span> <span class='ocrx_word' id='word_1_268' title='bbox 834 3393 997 3484; x_wconf 78' lang='lat' dir='ltr'>legantur,</span> <span class='ocrx_word' id='word_1_269' title='bbox 1047 3395 1139 3461; x_wconf 90' lang='lat' dir='ltr'>lnter</span> <span class='ocrx_word' id='word_1_270' title='bbox 1152 3417 1266 3461; x_wconf 92' lang='lat' dir='ltr'>votum</span> <span class='ocrx_word' id='word_1_271' title='bbox 1281 3415 1363 3484; x_wconf 89' lang='lat' dir='ltr'>ergo</span> <span class='ocrx_word' id='word_1_272' title='bbox 1376 3394 1527 3461; x_wconf 92' lang='lat' dir='ltr'>omnium</span> <span class='ocrx_word' id='word_1_273' title='bbox 1541 3396 1688 3465; x_wconf 88' lang='lat' dir='ltr'>unanimi</span> <span class='ocrx_word' id='word_1_274' title='bbox 1705 3396 1872 3486; x_wconf 85' lang='lat' dir='ltr'>consensu,</span> 
     </span>
     <span class='ocr_line' id='line_1_28' title="bbox 392 3485 1872 3584; baseline 0.005 -21"><span class='ocrx_word' id='word_1_275' title='bbox 392 3491 430 3563; x_wconf 75' lang='grc' dir='ltr'>ἃ</span> <span class='ocrx_word' id='word_1_276' title='bbox 455 3492 542 3561; x_wconf 88' lang='lat' dir='ltr'>inter</span> <span class='ocrx_word' id='word_1_277' title='bbox 557 3489 638 3558; x_wconf 90' lang='lat' dir='ltr'>illud</span> <span class='ocrx_word' id='word_1_278' title='bbox 658 3513 719 3582; x_wconf 89' lang='lat' dir='ltr'>per</span> <span class='ocrx_word' id='word_1_279' title='bbox 735 3493 860 3584; x_wconf 78' lang='lat' dir='ltr'>majora</span> <span class='ocrx_word' id='word_1_280' title='bbox 888 3485 1077 3560; x_wconf 68' lang='lat' dir='ltr'>consessum</span> <span class='ocrx_word' id='word_1_281' title='bbox 1103 3485 1279 3557; x_wconf 84' lang='lat' dir='ltr'>discrimen</span> <span class='ocrx_word' id='word_1_282' title='bbox 1306 3492 1443 3560; x_wconf 91' lang='lat' dir='ltr'>omnino</span> <span class='ocrx_word' id='word_1_283' title='bbox 1465 3493 1613 3581; x_wconf 87' lang='lat' dir='ltr'>agnitum</span> <span class='ocrx_word' id='word_1_284' title='bbox 1636 3488 1729 3563; x_wconf 86' lang='lat' dir='ltr'>fuisse</span> <span class='ocrx_word' id='word_1_285' title='bbox 1747 3495 1872 3571; x_wconf 86' lang='lat' dir='ltr'>neccsse</span> 
     </span>
     <span class='ocr_line' id='line_1_29' title="bbox 389 3584 1873 3679; baseline 0.007 -21"><span class='ocrx_word' id='word_1_286' title='bbox 389 3585 460 3674; x_wconf 81' lang='lat' dir='ltr'>est,</span> <span class='ocrx_word' id='word_1_287' title='bbox 486 3612 561 3657; x_wconf 89' lang='lat' dir='ltr'>cum</span> <span class='ocrx_word' id='word_1_288' title='bbox 577 3586 724 3679; x_wconf 88' lang='lat' dir='ltr'>alioquin</span> <span class='ocrx_word' id='word_1_289' title='bbox 746 3596 785 3656; x_wconf 88' lang='grc' dir='ltr'>Α.</span> <span class='ocrx_word' id='word_1_290' title='bbox 803 3592 840 3658; x_wconf 88' lang='lat' dir='ltr'>C.</span> <span class='ocrx_word' id='word_1_291' title='bbox 857 3591 967 3657; x_wconf 85' lang='lat' dir='ltr'>Status</span> <span class='ocrx_word' id='word_1_292' title='bbox 989 3584 1171 3656; x_wconf 86' lang='lat' dir='ltr'>Catholicis</span> <span class='ocrx_word' id='word_1_293' title='bbox 1196 3586 1294 3655; x_wconf 88' lang='lat' dir='ltr'>talem</span> <span class='ocrx_word' id='word_1_294' title='bbox 1321 3587 1578 3657; x_wconf 86' lang='lat' dir='ltr'>declarationem</span> <span class='ocrx_word' id='word_1_295' title='bbox 1603 3588 1720 3662; x_wconf 86' lang='lat' dir='ltr'>edendi</span> <span class='ocrx_word' id='word_1_296' title='bbox 1747 3595 1873 3668; x_wconf 88' lang='lat' dir='ltr'>nullam</span> 
     </span>
     <span class='ocr_line' id='line_1_30' title="bbox 388 3679 1872 3786; baseline 0.005 -30"><span class='ocrx_word' id='word_1_297' title='bbox 388 3683 469 3759; x_wconf 84' lang='lat' dir='ltr'>sanc</span> <span class='ocrx_word' id='word_1_298' title='bbox 483 3680 667 3755; x_wconf 82' lang='lat' dir='ltr'>habuilsent</span> <span class='ocrx_word' id='word_1_299' title='bbox 679 3682 820 3754; x_wconf 60' lang='lat' dir='ltr'>causam,</span> <span class='ocrx_word' id='word_1_300' title='bbox 871 3689 962 3756; x_wconf 85' lang='lat' dir='ltr'>inter</span> <span class='ocrx_word' id='word_1_301' title='bbox 978 3679 1065 3779; x_wconf 87' lang='lat' dir='ltr'>ipsos</span> <span class='ocrx_word' id='word_1_302' title='bbox 1081 3679 1299 3754; x_wconf 87' lang='lat' dir='ltr'>Protellaiitcs</span> <span class='ocrx_word' id='word_1_303' title='bbox 1313 3684 1380 3776; x_wconf 85' lang='lat' dir='ltr'>jain</span> <span class='ocrx_word' id='word_1_304' title='bbox 1396 3685 1496 3765; x_wconf 92' lang='lat' dir='ltr'>olim,</span> <span class='ocrx_word' id='word_1_305' title='bbox 1528 3708 1566 3754; x_wconf 92' lang='lat' dir='ltr'>ut</span> <span class='ocrx_word' id='word_1_306' title='bbox 1585 3683 1686 3781; x_wconf 91' lang='lat' dir='ltr'>supra</span> <span class='ocrx_word' id='word_1_307' title='bbox 1703 3687 1743 3786; x_wconf 76' lang='lat' dir='ltr'>a)</span> <span class='ocrx_word' id='word_1_308' title='bbox 1766 3688 1872 3763; x_wconf 85' lang='lat' dir='ltr'>oslen-</span> 
     </span>
     <span class='ocr_line' id='line_1_31' title="bbox 370 3778 1869 3878; baseline 0.013 -34"><span class='ocrx_word' id='word_1_309' title='bbox 370 3781 485 3863; x_wconf 67' lang='lat' dir='ltr'>asum,</span> <span class='ocrx_word' id='word_1_310' title='bbox 507 3788 651 3874; x_wconf 85' lang='lat' dir='ltr'>Legatos</span> <span class='ocrx_word' id='word_1_311' title='bbox 667 3782 856 3853; x_wconf 86' lang='lat' dir='ltr'>Onoldinus</span> <span class='ocrx_word' id='word_1_312' title='bbox 874 3782 944 3878; x_wconf 81' lang='lat' dir='ltr'>ejus</span> <span class='ocrx_word' id='word_1_313' title='bbox 962 3807 1033 3851; x_wconf 90' lang='lat' dir='ltr'>erat</span> <span class='ocrx_word' id='word_1_314' title='bbox 1046 3779 1230 3862; x_wconf 74' lang='lat' dir='ltr'>sententiaa,</span> <span class='ocrx_word' id='word_1_315' title='bbox 1256 3782 1346 3876; x_wconf 92' lang='lat' dir='ltr'>quod</span> <span class='ocrx_word' id='word_1_316' title='bbox 1361 3781 1420 3850; x_wconf 91' lang='lat' dir='ltr'>illo</span> <span class='ocrx_word' id='word_1_317' title='bbox 1442 3778 1534 3863; x_wconf 90' lang='lat' dir='ltr'>casu,</span> <span class='ocrx_word' id='word_1_318' title='bbox 1567 3805 1635 3876; x_wconf 89' lang='lat' dir='ltr'>quo</span> <span class='ocrx_word' id='word_1_319' title='bbox 1651 3784 1869 3862; x_wconf 84' lang='lat' dir='ltr'>l&#39;rotellantts</span> 
     </span>
     <span class='ocr_line' id='line_1_32' title="bbox 388 3875 1871 3976; baseline 0.001 -19"><span class='ocrx_word' id='word_1_320' title='bbox 388 3883 427 3957; x_wconf 88' lang='lat' dir='ltr'>in</span> <span class='ocrx_word' id='word_1_321' title='bbox 448 3885 542 3953; x_wconf 79' lang='lat' dir='ltr'>AC.</span> <span class='ocrx_word' id='word_1_322' title='bbox 566 3876 714 3949; x_wconf 72' lang='lat' dir='ltr'>addislos</span> <span class='ocrx_word' id='word_1_323' title='bbox 730 3884 762 3950; x_wconf 92' lang='lat' dir='ltr'>in</span> <span class='ocrx_word' id='word_1_324' title='bbox 785 3879 909 3976; x_wconf 88' lang='lat' dir='ltr'>specie,</span> <span class='ocrx_word' id='word_1_325' title='bbox 945 3878 976 3949; x_wconf 82' lang='lat' dir='ltr'>dt</span> <span class='ocrx_word' id='word_1_326' title='bbox 1004 3879 1025 3948; x_wconf 92' lang='lat' dir='ltr'>il</span> <span class='ocrx_word' id='word_1_327' title='bbox 1042 3903 1099 3961; x_wconf 91' lang='lat' dir='ltr'>os,</span> <span class='ocrx_word' id='word_1_328' title='bbox 1125 3881 1184 3974; x_wconf 92' lang='lat' dir='ltr'>qui</span> <span class='ocrx_word' id='word_1_329' title='bbox 1212 3875 1398 3950; x_wconf 81' lang='lat' dir='ltr'>Reformati</span> <span class='ocrx_word' id='word_1_330' title='bbox 1423 3878 1599 3960; x_wconf 89' lang='lat' dir='ltr'>dicuntur,</span> <span class='ocrx_word' id='word_1_331' title='bbox 1619 3879 1763 3954; x_wconf 75' lang='lat' dir='ltr'>dissinui</span> <span class='ocrx_word' id='word_1_332' title='bbox 1789 3886 1871 3961; x_wconf 85' lang='lat' dir='ltr'>duas</span> 
     </span>
     <span class='ocr_line' id='line_1_33' title="bbox 415 3974 1870 4071; baseline 0.008 -24"><span class='ocrx_word' id='word_1_333' title='bbox 415 4003 502 4048; x_wconf 87' lang='lat' dir='ltr'>aries</span> <span class='ocrx_word' id='word_1_334' title='bbox 518 3974 735 4057; x_wconf 89' lang='lat' dir='ltr'>conslitutint,</span> <span class='ocrx_word' id='word_1_335' title='bbox 763 3978 845 4048; x_wconf 89' lang='lat' dir='ltr'>nihil</span> <span class='ocrx_word' id='word_1_336' title='bbox 862 3982 895 4071; x_wconf 80' lang='lat' dir='ltr'>iii</span> <span class='ocrx_word' id='word_1_337' title='bbox 911 3981 978 4048; x_wconf 89' lang='lat' dir='ltr'>vini</span> <span class='ocrx_word' id='word_1_338' title='bbox 993 3974 1134 4048; x_wconf 87' lang='lat' dir='ltr'>conclusi</span> <span class='ocrx_word' id='word_1_339' title='bbox 1149 3981 1284 4046; x_wconf 88' lang='lat' dir='ltr'>nomine</span> <span class='ocrx_word' id='word_1_340' title='bbox 1300 3974 1450 4047; x_wconf 86' lang='lat' dir='ltr'>omniunt</span> <span class='ocrx_word' id='word_1_341' title='bbox 1474 3986 1515 4046; x_wconf 86' lang='lat' dir='ltr'>A.</span> <span class='ocrx_word' id='word_1_342' title='bbox 1540 3981 1578 4047; x_wconf 91' lang='lat' dir='ltr'>C.</span> <span class='ocrx_word' id='word_1_343' title='bbox 1602 3978 1811 4053; x_wconf 78' lang='lat' dir='ltr'>addiilotum</span> <span class='ocrx_word' id='word_1_344' title='bbox 1836 3985 1870 4058; x_wconf 81' lang='lat' dir='ltr'>dt</span> 
     </span>
     <span class='ocr_line' id='line_1_34' title="bbox 386 4070 1867 4172; baseline 0.003 -24"><span class='ocrx_word' id='word_1_345' title='bbox 386 4102 425 4151; x_wconf 92' lang='lat' dir='ltr'>iii</span> <span class='ocrx_word' id='word_1_346' title='bbox 441 4072 551 4148; x_wconf 87' lang='lat' dir='ltr'>forma</span> <span class='ocrx_word' id='word_1_347' title='bbox 567 4079 719 4168; x_wconf 83' lang='lat' dir='ltr'>corporis</span> <span class='ocrx_word' id='word_1_348' title='bbox 736 4073 874 4172; x_wconf 86' lang='lat' dir='ltr'>separati</span> <span class='ocrx_word' id='word_1_349' title='bbox 893 4079 925 4145; x_wconf 93' lang='lat' dir='ltr'>in</span> <span class='ocrx_word' id='word_1_350' title='bbox 939 4071 1092 4170; x_wconf 80' lang='lat' dir='ltr'>opposito</span> <span class='ocrx_word' id='word_1_351' title='bbox 1106 4075 1146 4144; x_wconf 89' lang='lat' dir='ltr'>ad</span> <span class='ocrx_word' id='word_1_352' title='bbox 1163 4071 1270 4144; x_wconf 78' lang='lat' dir='ltr'>dillos</span> <span class='ocrx_word' id='word_1_353' title='bbox 1285 4075 1517 4153; x_wconf 83' lang='lat' dir='ltr'>llcsorinatos,</span> <span class='ocrx_word' id='word_1_354' title='bbox 1551 4070 1571 4142; x_wconf 89' lang='lat' dir='ltr'>si</span> <span class='ocrx_word' id='word_1_355' title='bbox 1592 4078 1719 4170; x_wconf 85' lang='lat' dir='ltr'>majora</span> <span class='ocrx_word' id='word_1_356' title='bbox 1738 4102 1867 4154; x_wconf 87' lang='lat' dir='ltr'>tantum</span> 
     </span>
     <span class='ocr_line' id='line_1_35' title="bbox 387 4168 1869 4269; baseline 0.001 -22"><span class='ocrx_word' id='word_1_357' title='bbox 387 4179 425 4248; x_wconf 88' lang='lat' dir='ltr'>itt</span> <span class='ocrx_word' id='word_1_358' title='bbox 443 4175 475 4244; x_wconf 89' lang='lat' dir='ltr'>id</span> <span class='ocrx_word' id='word_1_359' title='bbox 492 4170 729 4252; x_wconf 61' lang='lat' dir='ltr'>corseiiscrint,</span> <span class='ocrx_word' id='word_1_360' title='bbox 755 4175 909 4244; x_wconf 83' lang='lat' dir='ltr'>adornari</span> <span class='ocrx_word' id='word_1_361' title='bbox 927 4197 1040 4269; x_wconf 88' lang='lat' dir='ltr'>queat:</span> <span class='ocrx_word' id='word_1_362' title='bbox 1060 4173 1233 4242; x_wconf 76' lang='lat' dir='ltr'>‘Catholici</span> <span class='ocrx_word' id='word_1_363' title='bbox 1250 4171 1411 4262; x_wconf 87' lang='lat' dir='ltr'>proinde,</span> <span class='ocrx_word' id='word_1_364' title='bbox 1436 4171 1514 4239; x_wconf 91' lang='lat' dir='ltr'>dum</span> <span class='ocrx_word' id='word_1_365' title='bbox 1538 4168 1652 4243; x_wconf 85' lang='lat' dir='ltr'>similia</span> <span class='ocrx_word' id='word_1_366' title='bbox 1668 4174 1778 4268; x_wconf 86' lang='lat' dir='ltr'>quoad</span> <span class='ocrx_word' id='word_1_367' title='bbox 1791 4201 1869 4258; x_wconf 92' lang='lat' dir='ltr'>con·</span> 
     </span>
     <span class='ocr_line' id='line_1_36' title="bbox 386 4267 1863 4364; baseline -0.002 -18"><span class='ocrx_word' id='word_1_368' title='bbox 386 4269 517 4346; x_wconf 90' lang='lat' dir='ltr'>clusum</span> <span class='ocrx_word' id='word_1_369' title='bbox 534 4267 687 4340; x_wconf 84' lang='lat' dir='ltr'>adversus</span> <span class='ocrx_word' id='word_1_370' title='bbox 704 4270 791 4344; x_wconf 90' lang='lat' dir='ltr'>suam</span> <span class='ocrx_word' id='word_1_371' title='bbox 807 4269 999 4344; x_wconf 84' lang='lat' dir='ltr'>seutentiam</span> <span class='ocrx_word' id='word_1_372' title='bbox 1016 4271 1167 4362; x_wconf 85' lang='lat' dir='ltr'>amajori</span> <span class='ocrx_word' id='word_1_373' title='bbox 1183 4292 1309 4339; x_wconf 89' lang='lat' dir='ltr'>tantum</span> <span class='ocrx_word' id='word_1_374' title='bbox 1328 4276 1354 4338; x_wconf 85' lang='lat' dir='ltr'><strong>A</strong></span> <span class='ocrx_word' id='word_1_375' title='bbox 1386 4271 1422 4337; x_wconf 91' lang='lat' dir='ltr'>C.</span> <span class='ocrx_word' id='word_1_376' title='bbox 1438 4269 1588 4338; x_wconf 86' lang='lat' dir='ltr'>Staiuum</span> <span class='ocrx_word' id='word_1_377' title='bbox 1609 4294 1704 4364; x_wconf 83' lang='lat' dir='ltr'>parte</span> <span class='ocrx_word' id='word_1_378' title='bbox 1725 4272 1863 4345; x_wconf 89' lang='lat' dir='ltr'>adorna-</span> 
     </span>
     <span class='ocr_line' id='line_1_37' title="bbox 386 4365 1869 4460; baseline 0.004 -21"><span class='ocrx_word' id='word_1_379' title='bbox 386 4393 464 4444; x_wconf 85' lang='lat' dir='ltr'>tum</span> <span class='ocrx_word' id='word_1_380' title='bbox 485 4369 705 4448; x_wconf 86' lang='lat' dir='ltr'>contendunt,</span> <span class='ocrx_word' id='word_1_381' title='bbox 737 4395 802 4438; x_wconf 90' lang='lat' dir='ltr'>noti</span> <span class='ocrx_word' id='word_1_382' title='bbox 829 4367 895 4457; x_wconf 82' lang='lat' dir='ltr'>est,</span> <span class='ocrx_word' id='word_1_383' title='bbox 927 4394 988 4439; x_wconf 92' lang='lat' dir='ltr'>cur</span> <span class='ocrx_word' id='word_1_384' title='bbox 1011 4370 1165 4438; x_wconf 83' lang='lat' dir='ltr'>novitatis</span> <span class='ocrx_word' id='word_1_385' title='bbox 1191 4389 1246 4437; x_wconf 88' lang='lat' dir='ltr'>aut</span> <span class='ocrx_word' id='word_1_386' title='bbox 1273 4369 1394 4460; x_wconf 72' lang='lat' dir='ltr'>inique</span> <span class='ocrx_word' id='word_1_387' title='bbox 1420 4367 1601 4435; x_wconf 81' lang='lat' dir='ltr'>vexationis</span> <span class='ocrx_word' id='word_1_388' title='bbox 1626 4365 1869 4458; x_wconf 80' lang='lat' dir='ltr'>insimulantur.</span> 
     </span>
     <span class='ocr_line' id='line_1_38' title="bbox 384 4462 1865 4565; baseline -0.003 -22"><span class='ocrx_word' id='word_1_389' title='bbox 384 4474 466 4543; x_wconf 88' lang='lat' dir='ltr'>Iuro</span> <span class='ocrx_word' id='word_1_390' title='bbox 491 4465 685 4539; x_wconf 80' lang='lat' dir='ltr'>notioribus</span> <span class='ocrx_word' id='word_1_391' title='bbox 708 4469 816 4540; x_wconf 88' lang='lat' dir='ltr'>adhuc</span> <span class='ocrx_word' id='word_1_392' title='bbox 838 4467 1046 4563; x_wconf 87' lang='lat' dir='ltr'>temporibus</span> <span class='ocrx_word' id='word_1_393' title='bbox 1070 4489 1145 4544; x_wconf 80' lang='lat' dir='ltr'>siim</span> <span class='ocrx_word' id='word_1_394' title='bbox 1172 4463 1265 4535; x_wconf 88' lang='lat' dir='ltr'>subin</span> <span class='ocrx_word' id='word_1_395' title='bbox 1288 4462 1342 4559; x_wconf 86' lang='lat' dir='ltr'>jus</span> <span class='ocrx_word' id='word_1_396' title='bbox 1366 4462 1466 4534; x_wconf 90' lang='lat' dir='ltr'>cundi</span> <span class='ocrx_word' id='word_1_397' title='bbox 1492 4464 1526 4531; x_wconf 93' lang='lat' dir='ltr'>in</span> <span class='ocrx_word' id='word_1_398' title='bbox 1552 4486 1663 4557; x_wconf 81' lang='lat' dir='ltr'>partes</span> <span class='ocrx_word' id='word_1_399' title='bbox 1689 4467 1722 4536; x_wconf 94' lang='lat' dir='ltr'>in</span> <span class='ocrx_word' id='word_1_400' title='bbox 1746 4472 1865 4565; x_wconf 82' lang='lat' dir='ltr'>p&#39;rriin</span> 
     </span>
     <span class='ocr_line' id='line_1_39' title="bbox 1774 4590 1868 4641; baseline 0.032 -4"><span class='ocrx_word' id='word_1_401' title='bbox 1774 4590 1868 4641; x_wconf 84' lang='lat' dir='ltr'>mere</span> 
     </span>
    </p>
   </div>
   <div class='ocr_carea' id='block_1_5' title="bbox 419 4697 636 4783">
    <p class='ocr_par' dir='ltr' id='par_1_5' title="bbox 419 4697 636 4783">
     <span class='ocr_line' id='line_1_40' title="bbox 419 4697 636 4783; baseline -0.018 -15"><span class='ocrx_word' id='word_1_402' title='bbox 419 4699 470 4783; x_wconf 68' lang='lat' dir='ltr'>a)</span> <span class='ocrx_word' id='word_1_403' title='bbox 491 4699 517 4783; x_wconf 72' lang='lat' dir='ltr'>l.</span> <span class='ocrx_word' id='word_1_404' title='bbox 529 4697 636 4767; x_wconf 86' lang='lat' dir='ltr'><strong>XXV.</strong></span> 
     </span>
    </p>
   </div>
   <div class='ocr_carea' id='block_1_6' title="bbox 0 0 2480 5563">
    <p class='ocr_par' dir='ltr' id='par_1_6' title="bbox 0 0 2480 5563">
     <span class='ocr_line' id='line_1_41' title="bbox 0 0 2480 5563; baseline 0 0"><span class='ocrx_word' id='word_1_405' title='bbox 0 0 2480 5563; x_wconf 95' lang='lat' dir='ltr'> </span> 
     </span>
    </p>
   </div>
  </div>
 </body>
</html>
