4950 5567
537 601 789 706 uernans
804 610 1021 698 ructon.
1036 593 1196 695 turra
1213 612 1454 696 potamos
1468 615 1748 724 ratmunt.
1764 620 1831 699 aa.
1857 627 1936 723 4a5·

476 781 536 856 issa
553 811 620 858 non
638 787 781 882 amplius
798 792 987 875 attendere,
1009 815 1070 867 nec
1084 796 1125 865 iis
1143 792 1378 892 obtemperare
1397 823 1554 893 cogatur,
1579 802 1678 878 aeica
1696 800 1875 876 secundum
1891 802 1934 876 lia

476 897 577 956 erum
591 883 783 969 arbitrium,
810 892 891 985 quin
911 888 1065 987 respiciat
1079 895 1317 965 committentis
1333 897 1601 980 instruclionem,
1625 902 1737 971 omnia
1752 925 1816 994 pro
1830 897 1930 974 libitu

476 1001 639 1074 tetagere,
667 979 1061 1077 disponere,urdinare,
1085 1012 1123 1059 ac
1146 992 1266 1086 exequi
1290 994 1408 1064 nullibi
1434 993 1467 1066 sc
1492 995 1692 1092 impeditum
1713 996 1847 1080 videat;
1884 1020 1928 1070 eo

476 1073 529 1175 pso
550 1080 761 1151 committens
778 1084 970 1178 qualitatem
988 1088 1225 1158 committentis
1241 1088 1377 1182 perdat,
1400 1088 1603 1187 insuperque
1622 1087 1871 1164 commissarius
1895 1094 1932 1163 in

477 1178 697 1247 summittentis
712 1201 749 1246 ac
764 1181 960 1276 Principalis
975 1182 1201 1254 conditionem
1215 1179 1396 1270 subintret;
1422 1193 1497 1284 quis
1513 1192 1616 1280 igitur
1637 1210 1755 1282 neget,
1780 1191 1815 1257 in
1832 1183 1932 1260 simili

476 1269 534 1344 asu
556 1272 802 1386 eodemmodo
827 1278 1017 1370 Collegium
1043 1276 1214 1352 consiliare
1245 1284 1400 1353 intimum
1432 1284 1617 1356 subintrare
1644 1275 1708 1355 ins
1704 1283 1934 1356 conditionem

476 1367 560 1466 plius
575 1374 738 1455 Domum,
763 1396 883 1468 utpote
898 1379 952 1447 eui
965 1378 1077 1447 omnia
1092 1379 1227 1468 negotia
1247 1397 1315 1449 tam
1337 1382 1423 1450 circa
1438 1379 1545 1462 sacra,
1571 1405 1672 1477 quam
1688 1383 1775 1452 circa
1789 1375 1934 1476 profane

476 1462 648 1564 espeilum
661 1466 713 1539 vel
731 1492 899 1542 remorum
914 1475 1063 1544 etiam-iu
1075 1473 1285 1565 Religionem
1303 1475 1456 1548 habentia
1472 1478 1638 1549 illimitate
1651 1477 1822 1573 &absque
1838 1477 1935 1547 omui

476 1564 1786 1764 'llsilis?ril‘ssllsmpsslsslollllssfissilibus&ils.llll
1810 1573 1938 1746 llil

476 1754 558 1829 iliari
580 1762 697 1830 intimo
720 1766 884 1844 exerceri,
908 1787 1009 1859 quam
1034 1762 1208 1846 mandato‚'
1233 1764 1458 1839 commissorio
1472 1792 1510 1838 ac
1531 1767 1703 1858 delegato,
1730 1694 1824 1859 cujbb
1842 1764 1934 1836 tituli

476 1851 635 1927 lienualia
652 1857 806 1952 requisita
820 1860 875 1930 hic
890 1858 1007 1930 nullibi
1021 1861 1248 1931 inveniuntur.
1273 1866 1377 1944 Nan,
1393 1861 1552 1935 si'c'enties
1568 1867 1669 1934 etiam
1678 1867 1712 1933 in
1725 1861 1800 1933 asin
1817 1863 1931 1958 primo

476 1955 626 2025 hominm
642 1957 840 2049 imperaret,
866 1954 907 2027 sse
922 1956 1019 2039 volo,
1040 1953 1082 2026 stc
1094 1955 1213 2050 jubeo:
1244 1958 1397 2049 Collegio
1407 1958 1478 2052 ejus
1489 1963 1609 2030 intimo
1618 1962 1650 2030 vi
1666 1956 1730 2029 sua
1738 1953 1936 2032 commissio·

476 2050 514 2120 ria
530 2073 701 2148 perpetuae
717 2056 883 2144 integrum
896 2050 1029 2148 semper
1042 2048 1120 2124 esset
1139 2054 1173 2122 in
1189 2048 1265 2122 asin
1287 2051 1429 2126 seeundo
1450 2060 1551 2128 reniti
1572 2057 1740 2151 hujusque
1761 2052 1825 2126 suae
1846 2055 1936 2125 reni·

476 2149 572 2260 potiar
587 2145 775 2240 praessdium
789 2153 1056 2245 omoe'quterere
1076 2151 1112 2235 in
1135 2143 1332 2239 famigerato
1351 2150 1410 2220 illa
1424 2153 1603 2244 paroemia:
1630 2155 1703 2223 Stat
1718 2175 1783 2247 pro
1802 2152 1945 2222 ratione·

476 2241 633 2330 toluota's3
660 2245 751 2343 quod
765 2269 882 2319 revera
895 2248 987 2317 omni
1002 2244 1131 2317 rationi
1152 2265 1368 2339 repugnaret.
1414 2250 1458 2318 Et
1478 2248 1615 2319 demum
1636 2247 1778 2318 ulterius
1796 2269 1935 2318 moneo·

476 2337 565 2412 lum:
590 2365 657 2412 non
679 2343 763 2415 adeo
783 2342 976 2439 expeditum
992 2340 1054 2423 etl,
1080 2343 1162 2429 quin
1176 2343 1288 2437 potius
1304 2364 1484 2437 perperam
1500 2340 1645 2415 infertur
1658 2347 1767 2414 Princi
1796 2367 1849 2413 em
1866 2339 1900 2415 se
1914 2364 1935 2414 e

476 2437 693 2532 tutelijurium
707 2436 1015 2513 suorum-exercirio
1028 2436 1181 2510 abdicare
1196 2431 1305 2533 posse;
1329 2438 1395 2510 hoc
1415 2442 1505 2509 enim
1522 2436 1623 2510 semel
1644 2367 1801 2534 permisso
1817 2438 1937 2510 eadem

476 2533 581 2608 eblone
597 2531 835 2631 sequerentur,
865 2562 939 2631 quae
953 2533 1052 2630 supra
1071 2558 1110 2606 ex
1126 2531 1198 2628 ipsa
1212 2530 1338 2604 diresla
1359 2531 1530 2629 potestatis
1549 2533 1751 2629 habitusque
1772 2533 1936 2604 abrenun-

476 2633 600 2706 unione
613 2631 770 2730 consequi
778 2657 937 2730 oportere
946 2630 1185 2712 demonstrari,
1205 2630 1319 2720 legem
1333 2632 1423 2702 enim
1438 2627 1625 2727 impositam
1641 2627 1705 2700 esse
1719 2628 1846 2710 verbis,
1863 2652 1933 2699 non

476 2727 580 2824 rebus,
604 2730 721 2803 exinde
735 2731 997 2802 concludendum
1013 2724 1103 2812 esset.
1147 2728 1249 2820 .le
1260 2729 1328 2796 imo
1343 2722 1591 2820 fundamentalje
1607 2724 1694 2798 illud
1709 2722 1874 2807 fulcrum,
1896 2728 1933 2798 in

476 2845 534 2924 quo
545 2829 686 2924 Imperii
701 2826 846 2901 Statibus
866 2824 991 2898 summa
1013 2824 1148 2895 libertas
1171 2818 1368 2917 disponendi
1393 2845 1460 2894 tam
1482 2825 1570 2894 circa
1585 2826 1700 2903 Sacra,
1751 2845 1827 2892 uam
1844 2823 1934 2906 circe

476 2918 605 3020 profana
629 2927 846 3019 marimaeque
870 2924 1099 3021 prerogativae
1123 2917 1256 2990 tributae
1284 2913 1447 3001 suerunt,
1482 2913 1701 3012 famigeratus
1726 2846 1851 2992 scilicet
1874 2915 1934 2989 illa

476 3021 546 3114 μ.
569 3028 643 3110 ¹Art.
657 3025 753 3096 Vlll.
775 3023 847 3091 aliis
870 3020 966 3116 plane
980 3016 1108 3100 verbis,
1137 3012 1329 3110 sequentem
1350 3019 1383 3086 iu
1404 3016 1542 3087 modum
1563 3025 1598 3086 in
1619 3010 1770 3085 favorem
1788 3012 1933 3107 Collegii

477 3113 656 3190 Coofiliaris
671 3121 781 3190 intimi
797 3114 1019 3188 Inslrumento
1035 3114 1125 3183 Pacis
1142 3108 1317 3208 impressus
1334 3111 1400 3204 legi
1422 3109 1581 3185 deberet:
1617 3109 1794 3186 Gaudeant
1810 3106 1934 3181 scilicet

477 3211 651 3288 catiliani
668 3219 819 3286 Statuum
842 3214 969 3295 intimi,
995 3208 1018 3281 fi
1033 3210 1190 3302 Princeps
1215 3231 1333 3278 eorum
1356 3207 1567 3280 territorialis
1582 3205 1763 3278 Catholicae
1781 3204 1846 3278 &a
1862 3203 1936 3276 sub·

481 3307 548 3382 lib
560 3309 695 3384 diversa
710 3311 894 3404 Religionis
910 3305 966 3391 sit,
990 3310 1025 3379 in
1042 3302 1153 3379 casum
1169 3306 1258 3376 enim
1280 3306 1368 3376 hunc
1384 3302 1511 3376 soboles
1527 3299 1586 3398 ipfi
1602 3299 1826 3383 sufferantur,
1851 3299 1937 3371 &in

482 3401 648 3500 Religione
663 3433 681 3479 a
695 3411 792 3480 Patre
814 3404 941 3479 deserta
966 3402 1046 3476 alibi
1071 3402 1271 3482 educentur,
1293 3398 1474 3474 Consilium
1495 3402 1649 3469 intimum
1665 3422 1683 3468 a
1698 3401 1852 3493 Principe
1876 3395 1936 3466 tali
2047 3438 2052 3447 ·
2091 3399 2095 3404 '

483 3501 694 3603 hdependeos
715 3503 801 3587 esto,
827 3503 862 3575 ἅ
887 3502 984 3598 super
998 3500 1092 3572 totali
1107 3521 1221 3572 rerum
1243 3493 1387 3593 litmma,
1413 3498 1554 3590 negotiis
1573 3497 1732 3565 nimirum
1749 3492 1935 3585 Religionis

484 3604 689 3674 mannetis
705 3602 938 3673 Oeconomicis
953 3596 1096 3694 publicis
1112 3620 1147 3666 ae
1160 3594 1304 3690 politicis
1323 3592 1439 3676 causis,
1465 3596 1499 3662 in
1515 3592 1670 3662 Comitiis
1685 3592 1840 3684 Imperii,
1857 3591 1934 3658 Cir·

479 3689 559 3788 buli,
581 3698 803 3796 omnibusque
826 3698 898 3767 aliis
914 3691 1161 3781 conventibus,
1184 3692 1233 3760 uti
1255 3688 1288 3767 ἃ
1310 3692 1345 3762 in
1364 3690 1537 3766 territorio
1557 3683 1630 3790 ipso
1650 3683 1775 3786 ubsque
1802 3680 1940 3776 consens

477 3787 517 3890 ¹su
528 3793 557 3868 ἃ
569 3792 723 3895 praeseitu
738 3796 904 3893 Principia
914 3792 1077 3894 disponat.

1088 4029 1116 4121 a.
1165 4020 1325 4102 xxttt.

520 4205 523 4212 ·
583 4176 625 4252 ld
645 4176 798 4264 demum,
822 4176 1055 4277 quodrttione
1071 4176 1309 4274 Principalium
1326 4169 1472 4270 prolium
1491 4164 1804 4269 commolentium,
1836 4175 1938 4261 quam

481 4263 662 4349 suturarum
682 4282 717 4350 io
739 4279 914 4370 Religione
933 4302 951 4347 a
969 4281 1067 4350 Patre
1088 4274 1218 4347 deserta
1240 4270 1486 4345 educandarum
1506 4267 1707 4364 plerumque
1726 4264 1824 4335 inseri
1844 4260 1938 4346 solet,

477 4369 560 4448 ledit
576 4376 799 4473 Principalem
818 4377 922 4445 Patris
936 4369 1119 4454 bonorem,
1141 4372 1317 4468 principiis
1326 4368 1477 4458 genuinis
1494 4389 1592 4456 quam
1609 4367 1749 4434 maxime
1763 4380 1939 4456 repugnat,

476 4476 610 4570 releges
624 4476 765 4570 Imperii
782 4472 930 4566 publicas
934 4475 1097 4639 perimit,
1120 4492 1196 4558 nam
1210 4468 1324 4538 lumen
1337 4460 1419 4533 sanae
1433 4464 1589 4543 rationis,
1613 4458 1682 4556 ipse
1703 4459 1785 4529 adeo
1808 4455 1939 4546 sangui·
2017 4503 2026 4516 .

476 4578 513 4655 tia
527 4568 697 4670 impulsus
710 4595 747 4642 ac
764 4570 881 4643 Patriae
897 4571 931 4640 in
948 4594 1032 4670 uper
1047 4564 1218 4667 potestatis
1232 4563 1308 4659 jura
1331 4557 1522 4657 parentibus
1539 4559 1767 4654 queiscunque
1788 4551 1854 4627 line
1869 4546 1940 4667 'dis-

509 4685 651 4768 Tamus
680 4665 752 4747 IV·
1280 4663 1319 4731 N
1342 4682 1366 4728 n
1390 4681 1413 4727 u
1828 4672 1941 4725 ertmt·
