4950 5567
559 549 669 720 ’ψ
710 547 721 562 ’
882 592 1293 680 otssanrnrro
1345 539 1512 692 Junts
1547 590 1784 671 runnrct

597 791 632 884 pi
645 779 877 886 Dispofitinnia
896 780 930 854 in
945 789 974 871 ς.
990 801 1047 870 ²7·
1061 776 1267 852 occurrentia
1283 776 1457 870 migrare,
1479 797 1536 846 aut
1550 771 1661 863 suam,
1685 798 1788 873 quam
1803 770 1863 849 l'ub
1877 770 2087 874 priorePol'·

599 883 720 962 felsore
738 881 904 980 ejusmodi
922 885 1111 951 Terrarum
1131 904 1153 950 o
1180 880 1433 974 pignoratatum
1453 873 1599 970 amplexi
1620 872 1712 962 sunt,
1735 875 1967 967 Religionem,
1993 871 2087 950 dese·

505 1049 525 1064 .,
601 1008 679 1060 rere
694 1007 762 1053 non
779 1001 958 1074 cogantur,
983 973 1039 1048 sed
1054 976 1096 1047 de
1107 905 1244 1071 publico
1259 971 1322 1045 suae
1331 972 1691 1062 Religionialirercitio
1705 975 1795 1044 inter
1811 969 1900 1071 ipsoa
1910 971 2088 1044 &reluen-

597 1104 668 1156 rem
691 1082 876 1150 Dominum
901 1072 1145 1166 tranfigendum
1173 1069 1230 1155 srt,
1255 1070 1459 1169 peculiarem
1483 1063 1584 1164 plane'
1606 1069 1641 1141 dr
1666 1067 1831 1143 diversam
1845 1094 1865 1141 a
1879 1069 2085 1146 conditione

598 1177 746 1254 eliorum
767 1174 974 1248 subditorum
996 1175 1030 1242 in
1055 1171 1118 1243 hoc
1138 1166 1231 1268 §pho
1257 1167 1542 1266 deprehendimus
1558 1163 1942 1268 Dispositionemrqur:
1967 1191 2084 1244 aeut..

528 1317 532 1328 =
599 1277 669 1352 tius
691 1274 755 1348 hoc
772 1279 862 1347 Loco
883 1268 1098 1346 examinanda
1119 1273 1201 1343 erit:

557 1489 575 1498 -
634 1461 638 1470 ·
718 1432 762 1500 Et
777 1423 913 1525 quidem
928 1445 965 1496 ot
985 1424 1019 1494 in
1035 1416 1217 1516 Syllemate
1230 1421 1317 1492 Rem
1335 1437 1583 1517 proponamus,
1607 1416 1836 1515 imperterrita
1856 1413 1917 1492 stat
1931 1417 2084 1496 catltoli·

601 1550 723 1604 eorum
742 1526 911 1598 Sententia
933 1526 966 1592 in
987 1516 1212 1602 lnllrumento
1232 1516 1328 1593 Pacia
1350 1512 1538 1587 solidiffime
1559 1511 1718 1599 fundata,
1743 1516 1834 1612 quod
1855 1516 2000 1613 quilibet
2014 1523 2084 1592 Do·

601 1621 960 1699 minuaTerritorialia
974 1614 1120 1689 inTheli
1134 1616 1253 1690 habeat
1266 1621 1329 1712 Jua
1343 1609 1568 1694 reformandi,
1593 1613 1684 1708 quod
1699 1614 1835 1709 quidem
1853 1611 2009 1710 respeblu
2021 1620 2084 1690 Ca·

604 1721 810 1794 tholicotum
826 1720 940 1792 nonin
956 1714 1139 1788 Advocatio
1157 1712 1423 1794 Eccleliailica,*
1449 1709 1504 1782 sed
1526 1715 1559 1782 in
1582 1708 1651 1805 ipsa
1669 1708 1823 1806 rel'pellu
1844 1715 1998 1790 omnium
2012 1737 2083 1790 tam

602 1817 856 1892 Catholicorum
880 1837 981 1912 quam
1004 1810 1260 1886 Protellantinm
1286 1807 1448 1882 fundatur
1466 1805 1699 1904 superioritate
1719 1809 1956 1894 Territoriali,
1978 1833 2080 1910 prout

600 1915 688 1987 illud
706 1909 879 1987 clarissima
894 1907 1107 1982 lnllrumenti
1122 1911 1216 1982 Parit
1233 1908 1347 1983 Verba
1362 1914 1438 1979 Art.
1447 1910 1491 1980 V.
1514 1905 1604 2004 §pho
1629 1931 1685 2002 30.
1708 1929 1767 1992 42.
1789 1931 1849 1999 43.
1874 1931 1938 1997 44.
1961 1907 2083 1983 confir·

601 2034 714 2098 mant;
738 2009 868 2103 Regula
881 2010 995 2104 itaque
1009 2006 1173 2099 generalis
1186 2006 1248 2079 est:
1275 2009 1466 2104 quicunque
1480 2001 2081 2099 gaudetsuperioritateTetritntiali,

602 2108 727 2202 gaudet
751 2128 888 2203 quoque
910 2099 1120 2176 reformandi
1139 2109 1241 2202 Jure,
1266 2108 1300 2176 vi
1323 2102 1418 2198 cujua
1442 2104 1608 2173 Dominus
1622 2103 1858 2176 Territorialia
1880 2129 1950 2177 non
1973 2103 2082 2179 solum

601 2205 695 2279 suam
717 2224 906 2298 notamque
929 2199 1002 2272 Reli
1029 2203 1140 2273 ionem
1167 2227 1231 2298 pro
1255 2200 1365 2274 lubitu
1392 2199 1627 2282 introducere,
1658 2224 1776 2274 terum
1806 2204 1908 2274 etiam
1932 2201 2082 2279 subditur

503 2381 510 2390 ,
602 2303 719 2375 alienae
734 2298 902 2392 Religioni
918 2224 1069 2369 addiiloa
1084 2296 1265 2372 observatis
1285 2322 1396 2372 tamen
1411 2297 1614 2395 praelcriptia
1634 2321 1700 2393 pto
1714 2301 1765 2371 Re
1782 2321 1856 2372 nata
1873 2299 1906 2372 dt
1926 2303 1962 2372 in
1975 2306 2084 2377 Favo-

601 2422 677 2472 rem
692 2397 929 2488 emigrantium
945 2391 1098 2467 concellra
1111 2395 1287 2470 Beneficiis
1302 2397 1343 2468 ad
1364 2395 1597 2488 emigrandum
1611 2396 1815 2491 compellere
1829 2395 1955 2495 potest:
1980 2400 2082 2498 liujus

602 2494 741 2587 Regula
750 2495 987 2589 Exceptionero
1000 2492 1098 2589 ponit
1110 2489 1273 2568 stabilitur
1288 2496 1322 2564 in
1335 2489 1544 2591 subsequenti
1553 2492 1649 2588 §pho
1659 2519 1675 2585 3
1686 2520 1716 2569 t.
1731 2501 1848 2568 Annua
1861 2497 2082 2584 decretoriae,

604 2592 687 2666 dum
703 2589 1016 2663 cit.Lotodicitur:
1040 2593 1094 2659 lm
1117 2613 1176 2661 nott
1200 2592 1351 2680 obstante,
1376 2590 1441 2661 hoc
1457 2586 1521 2661 est:
1546 2613 1614 2660 non
1628 2588 1775 2665 obstante
1790 2594 1919 2687 Regula
1932 2597 2082 2688 generali

603 2692 642 2762 in
660 2687 753 2784 §pho
770 2711 823 2779 30.
839 2684 961 2782 polita,
986 2684 1077 2779 quod
1091 2687 1203 2781 quinia
1218 2688 1387 2758 Dominus
1395 2688 1630 2760 Territorialie
1645 2689 1880 2790 gaudeatJute
1893 2689 2082 2767 reforman-

604 2787 658 2868 di,
684 2781 707 2855 sr
726 2782 846 2855 subditi
865 2790 964 2853 Anno
982 2789 1086 2867 1624.
1102 2780 1293 2856 habuerunt
1305 2782 1478 2880 publicum
1497 2783 1551 2856 vel
1571 2786 1740 2879 privatum
1759 2790 1944 2881 Religionia
1964 2794 2000 2862 in
2015 2796 2086 2870 lma,

603 2886 703 2981 perio
716 2873 878 2975 permillae
894 2878 1113 2960 Exercitium,
1138 2879 1350 2977 relinquendi
1370 2876 1497 2952 suntin
1517 2904 1558 2953 eo
1573 2885 1686 2965 Statu,
1709 2888 1768 2978 qui
1788 2882 1900 2959 fuerat
1915 2888 2082 2985 preditlo

602 2987 725 3067 Anno,
751 2998 811 3044 nec
827 2974 907 3044 talea
923 2970 1046 3044 subditi
1061 2974 1102 3045 ad
1115 2976 1349 3071 emigrandum
1363 2979 1522 3077 compelli
1533 2977 1684 3080 poliunt,
1710 2982 1744 3056 dr
1761 2979 1805 3058 lic
1816 2989 1879 3082 Jua
1892 2982 2081 3084 reformant

603 3064 1096 3150 dieal'artefuitlimitatum.
2066 3111 2075 3127 ι

644 3240 662 3277 ’
683 3239 783 3306 Prout
794 3236 888 3307 sentit
901 3240 961 3310 cel.
975 3241 1188 3314 Bnnrnru
1204 3246 1325 3321 inDill'.
1340 3247 1678 3334 myntern‘ormann·
1691 3269 1769 3317 novo
1783 3271 1900 3338 p.132.

1270 3475 1307 3562 §-
1355 3484 1416 3575 38.

719 3613 875 3732 Cumque
891 3613 1048 3692 recensita
1062 3618 1132 3697 hec
1145 3625 1315 3725 Principia
1332 3619 1514 3702 fundentur
1533 3628 1568 3702 in
1587 3621 1769 3702 clarillimia
1787 3629 1917 3724 Legum
1935 3629 2081 3730 Imperii

598 3702 901 3787 lirntlamentaltum
910 3715 2081 3804 Verbis,meritoaCatholiciscontorteProtestantiumdtinFraudem

563 3907 570 3920 ἰ
600 3809 731 3900 Legum
744 3814 1206 3912 inventalnterpretationet,
1226 3823 1306 3894 dum
1323 3820 1477 3897 subverso
1492 3827 1562 3895 veri
1578 3821 1759 3918 systematis
1774 3828 1905 3898 Ordine
1917 3829 2080 3926 Exceptio

599 3903 861 3979 transformatus
877 3912 910 3980 in
923 3911 1097 4005 Regulam,
1116 3921 1150 3986 in
1167 3917 1297 4014 scriptis
1310 3943 1429 3993 eorum
1444 3919 1625 3992 limulranei
1640 3915 1929 4008 Introdubbionem
1944 3928 2080 4023 impug-

600 4003 757 4078 nantibus
772 4005 812 4074 ad
824 4006 991 4080 Nauseam
1007 4018 1158 4109 repetitte
1174 4014 1391 4113 spernuntur,
1406 4041 1443 4090 ac
1457 4017 1609 4090 ridentur
1621 4013 1710 4088 vana
1724 4016 1788 4092 line
1797 4019 1942 4114 Legibus
1950 4021 2081 4096 senten·

600 4101 694 4171 aim*
721 4101 922 4175 Conllitutio
937 4111 1026 4179 citati
1042 4112 1120 4207 §phi
1138 4139 1195 4206 31.
1210 4139 1284 4210 qua
1300 4113 1413 4188 saltem
1429 4116 1555 4209 Regula
1570 4112 1719 4212 specialis
1736 4123 1857 4191 merito
1874 4117 1940 4190 dici
1954 4117 2076 4217 potest,

598 4202 676 4269 Art.
685 4203 729 4272 V.
747 4203 775 4290 §.
795 4225 847 4291 27·
866 4199 1018 4299 respeilu
1033 4211 1221 4282 Terrarum
1240 4216 1560 4310 oppignoratarum,
1584 4238 1726 4311 quarum
1744 4211 1829 4286 fabia
1850 4213 1897 4287 est
1915 4219 2077 4303 Reluitio,

597 4299 725 4464 partim
749 4293 815 4368 fuit
834 4323 979 4383 retenta,
1000 4309 1124 4397 partim
1139 4306 1298 4393 limitata,
1320 4336 1448 4384 retenta
1464 4308 1529 4384 fuit
1549 4313 1583 4381 in
1599 4337 1657 4395 eo,
1677 4312 1785 4408 quod,
1812 4311 1932 4387 fitalea
1952 4313 2077 4389 subditi

625 4391 777 4467 abuerint
792 4394 963 4492 publicum
979 4400 1030 4470 vel
1046 4426 1213 4498 privatum
1229 4409 1413 4502 Religionia
1429 4411 1631 4482 Exercitinm
1646 4412 1679 4480 in
1695 4420 1793 4484 Anno
1807 4413 1986 4499 Normali,
2014 4439 2076 4490 ne·

597 4511 665 4586 que
683 4498 867 4609 emigrare,
899 4521 1008 4593 neque
1032 4503 1180 4595 priorem
1200 4503 1291 4578 suam
1313 4507 1522 4600 Religionem
1544 4507 1696 4582 deserere
1715 4533 1896 4600 cogantur,
1930 4514 2072 4587 limitata

595 4610 707 4667 eutem
719 4586 784 4666 fnit
799 4614 949 4684 ectenut,
975 4596 1065 4695 quod
1079 4598 1204 4680 tticmli
1223 4606 1259 4680 in
1273 4611 1373 4684 Anno
1389 4605 1551 4686 Normali
1565 4603 1687 4686 subditi
1703 4609 1906 4690 Exercitium
1923 4611 2073 4706 Religio·

2022 4734 2075 4783 nta

1394 4821 1428 4892 Χ
