4950 5567
486 596 565 675 ,02
828 587 832 596 ·
945 517 1525 644 otssansnrto
1612 533 1644 606 ⁷

382 819 386 826 .
497 747 682 823 dillionem
705 733 961 824 Ecilefiallicam
987 745 1134 821 fitelint
1158 739 1387 818 administrate
1405 741 1546 817 Domini
1561 735 1786 816 territoriales
1805 742 1966 820 Catholici

498 849 611 931 illam,
637 873 711 944 quae
726 847 924 940 Augullanae
946 839 1168 1014 conseptum,
1196 845 1309 925 illam,
1336 870 1410 940 quas
1435 845 1540 940 princi
1570 845 1610 914 iis
1628 835 1893 916 Protell'antium
1912 870 1968 918 coo

355 997 363 1004 -
499 943 621 1019 formis
644 944 708 1028 est,
732 969 904 1044 exercent-5
946 949 995 1015 Ex
1016 968 1055 1016 en
1082 967 1135 1014 em
1152 939 1388 1025 fundamento,
1407 867 1614 1014 adiverim
1638 941 1817 1034 religionis
1835 941 1968 1015 securita

362 1031 367 1044 ’
504 1068 573 1117 tem
592 1067 774 1126 everteret,
804 1046 1031 1138 argumentari
1052 1043 1185 1123 liceret,
1211 1043 1246 1112 in
1268 1037 1424 1112 omnihus
1444 1064 1580 1138 quoque
1603 1036 1707 1112 caulas
1731 1039 1893 1114 civilibus
1909 1045 1968 1114 Pro

372 1155 381 1166 ''
502 1139 657 1214 testantes
678 1165 697 1211 a
717 1141 899 1214 Catholicis
915 1167 982 1213 non
1003 1137 1093 1237 polle
1114 1137 1309 1236 dijudicari,
1336 1141 1411 1234 quis
1436 1141 1518 1214 ve'ro
1541 1163 1609 1210 non
1634 1137 1796 1232 intelligit
1822 1138 1966 1235 ejusmod

503 1241 671 1338 principia
689 1239 865 1313 adnexum
888 1243 990 1311 totius
1014 1240 1150 1336 imperii
1167 1234 1408 1310 dissolvendum
1426 1240 1512 1308 viam
1533 1235 1697 1318 llernere,
1723 1237 1760 1309 dt
1776 1261 1847 1335 pro
1863 1235 1968 1312 diceri

505 1359 573 1409 tate
588 1338 760 1431 religionis
783 1342 871 1410 inter
892 1334 1060 1420 subditos,
1083 1335 1230 1407 divetlos
1247 1359 1385 1432 quoque
1404 1333 1534 1430 judices
1553 1333 1710 1407 omnibus
1734 1337 1770 1406 in
1799 1327 1905 1408 caulas
1925 1331 1968 1412 effi

505 1433 777 1520 constituendos3
810 1441 885 1507 lmo
904 1434 1120 1533 hpetgimua
1147 1458 1257 1505 nonne
1280 1428 1389 1504 ferme
1411 1433 1613 1525 generaliter
1632 1429 1803 1506 observari
1827 1435 1968 1507 videmur

507 1533 592 1606 adeo
603 1559 624 1604 a
637 1538 793 1605 Dominis
807 1533 1066 1606 territorialibus
1080 1531 1262 1626 Catholicis
1277 1525 1355 1628 iphs
1369 1538 1411 1602 A.
1428 1535 1468 1601 C.
1485 1525 1627 1601 addistis
1643 1529 1781 1602 subditis
1798 1529 1968 1624 (neceffita

355 1641 361 1654 ·
508 1656 550 1701 an
576 1629 631 1713 ht,
656 1631 899 1724 abstrahimus)
924 1632 1095 1725 religionis
1120 1629 1184 1702 sue
1210 1632 1351 1728 propria
1376 1625 1566 1700 conhstoria
1593 1627 1773 1716 constitui,
1802 1631 1839 1704 dt
1864 1628 1968 1703 licha

366 1773 377 1790 ·.
511 1726 585 1826 ipso
596 1730 707 1803 denuo
722 1730 887 1804 securitati
905 1729 1111 1802 abundanter
1125 1725 1291 1828 prospici:
1317 1725 1454 1824 quaestio
1468 1728 1604 1800 demum
1618 1729 1673 1799 hic
1689 1726 1841 1810 nonest,
1858 1753 1919 1801 nce
1931 1726 1968 1800 eli

512 1825 642 1923 potest,
667 1851 781 1900 utrum
807 1853 869 1925 per
886 1836 929 1916 Αἱ
947 1833 986 1901 C.
1008 1827 1177 1900 addillum
1203 1829 1393 1921 Principem
1419 1828 1544 1920 tnagis,
1568 1851 1668 1922 quam
1693 1851 1758 1922 pet
1780 1827 1968 1900 Catholicut

515 1921 672 2000 securitas
685 1926 893 2009 obtineatur,
918 1925 973 1999 sed
988 1929 1037 1999 rei
1054 1927 1154 1997 tardo
1170 1929 1203 1995 in
1216 1951 1257 1996 eo
1271 1921 1439 2010 versatur,
1464 1949 1579 1996 utrum
1594 1924 1635 1995 ad
1649 1949 1797 1997 tuentem
1807 1925 1921 2019 legum
1932 1931 1968 1997 lu

436 2035 438 2040 '
516 2027 603 2121 perii
620 2021 777 2096 securitas
793 2021 955 2095 sufficiens
971 2050 1036 2094 non
1050 2022 1104 2106 stt,
1132 2025 1284 2120 quamvis
1299 2049 1317 2094 a
1330 2024 1512 2095 Catholicis
1527 2046 1718 2095 exerceatur
1733 2020 1823 2120 sape
1839 2021 1968 2122 diRaJt

385 2207 390 2218 Ι
514 2118 669 2194 radiato
693 2110 935 2192 Ecclehallica:
961 2125 1183 2193 contrariatur
1209 2145 1315 2216 porro
1338 2122 1407 2194 haec
1431 2120 1578 2216 objeilio
1602 2145 1670 2193 tam
1693 2146 1778 2214 vage
1807 2120 1914 2219 pohta
1935 2126 1968 2218 ip

517 2223 554 2292 P.
565 2226 617 2291 W.
638 2223 760 2301 menti,
786 2221 819 2290 dt
842 2218 1062 2314 dtspolttioni,
1087 2245 1160 2314 quae
1181 2217 1301 2291 llatum
1317 2222 1406 2291 inter
1428 2225 1533 2292 utrius
1561 2244 1603 2291 ue
1620 2219 1794 2311 religionis
1818 2217 1968 2293 consorte

519 2317 688 2410 quietum,
715 2319 877 2397 amicum,
900 2319 933 2388 dt
950 2315 1126 2414 pacificum
1141 2317 1303 2401 intendit,
1331 2315 1511 2391 &firmare
1527 2245 1686 2391 allaborat
1702 2341 1712 2403 ;
1738 2319 1968 2416 contrariantut

521 2411 555 2485 dt
571 2410 640 2509 ipsa
653 2439 759 2511 potto
774 2425 848 2486 Art.
858 2421 904 2489 V.
931 2420 948 2507 i
972 2429 1031 2504 48.
1052 2413 1170 2487 verba:
1195 2414 1272 2488 ubit
1298 2426 1343 2490 A.
1355 2425 1391 2488 G.
1406 2421 1520 2488 carini
1532 2417 1629 2508 statas
1641 2420 1866 2513 provinciales,
1893 2421 1928 2493 id
1937 2416 1968 2504 [a

368 2553 376 2576 ι
519 2518 599 2598 diti,
625 2521 676 2607 qui
699 2539 777 2584 anno
796 2530 899 2590 1624.
924 2519 1175 2613 jurisdillionem
1195 2516 1425 2605 Ecclcfiastiaam
1449 2536 1660 2608 agnoverant,
1685 2519 1716 2586 in
1739 2519 1777 2587 iis
1798 2515 1894 2604 caafis
1918 2539 1968 2586 mat

435 2683 439 2690 ,
521 2613 624 2696 dille,
654 2616 860 2708 Episcopatum
877 2617 1092 2713 jurisdiiirani
1105 2612 1216 2704 [αὐτῷ
1234 2611 1408 2706 jubentur,
1432 2616 1491 2710 qui
1508 2611 1734 2705 Augttstanam
1755 2609 1968 2686 eonfcffionn

377 2705 381 2712 ’
525 2707 713 2782 nullatenus
732 2733 948 2786 concernunt.
997 2709 1136 2801 Colligit
1153 2711 1229 2779 hinc
1252 2713 1379 2806 quirin
1405 2736 1487 2804 ergo
1508 2707 1631 2782 subesse
1643 2706 1882 2809 Jurisdiiiioni
1895 2709 1968 2782 Etcl

526 2795 657 2878 {lallicae
674 2807 846 2895 cuiusdam
862 2809 1028 2904 Principis
1043 2808 1207 2878 Catholici
1224 2804 1392 2880 securitati
1409 2811 1580 2901 religionis
1596 2835 1662 2879 non
1677 2813 1914 2892 contrariatur,
1926 2829 1968 2880 cut

527 2904 607 2976 alias
626 2931 666 2975 eo
681 2905 753 2998 ipso
776 2903 996 2976 contradiilio
1014 2905 1145 2975 admitti
1166 2903 1326 2989 deberet,
1353 2911 1576 2979 contrariatur
1598 2932 1702 2999 porto
1719 2917 1797 2978 Art.
1808 2912 1906 2978 Vlll.
1928 2909 1953 2998 i.

527 3002 631 3072 modo
648 3004 733 3072 diila
751 3002 913 3098 objeilio,
932 3006 965 3074 vi
983 3003 1075 3099 cujus
1092 3029 1225 3085 omnes,
1252 3005 1285 3075 dt
1304 3003 1439 3098 finguli,
1464 3003 1653 3086 Eleilores,
1676 3007 1874 3101 PrincipeS,
1901 3001 1966 3076 &ll

530 3117 584 3169 tus
602 3103 741 3195 Imperii
766 3105 800 3171 in
827 3101 933 3173 libero
957 3100 1041 3196 juris
1068 3102 1282 3172 territorialis
1307 3126 1374 3173 tam
1400 3106 1433 3173 in
1460 3104 1624 3198 politicis,
1649 3128 1749 3197 quam
1775 3099 1968 3174 Eccleliastic

530 3201 708 3279 exercitio,
734 3225 807 3294 quac
824 3197 1042 3272 Eccleliallica
1058 3196 1393 3271 saneCatholieotum
1409 3226 1610 3272 conseruere
1626 3225 1816 3296 nequeunt,
1844 3199 1968 3272 stabilior

482 3283 496 3312 ³
531 3313 606 3376 tut,
624 3299 782 3368 univerlae
799 3299 934 3368 demum
947 3303 983 3368 P.
994 3303 1049 3371 W.
1066 3323 1178 3380 meru,
1204 3300 1370 3394 totiesque
1385 3299 1564 3369 inculcatus
1582 3297 1655 3368 linis
1669 3299 1837 3391 ejusmodi
1852 3293 1968 3395 objeili

531 3393 567 3461 tti
589 3393 797 3480 adversatum
823 3397 1061 3492 AEqualitatem
1085 3399 1172 3467 inter
1192 3397 1370 3490 utriusque
1393 3397 1565 3489 religionis
1589 3394 1757 3468 consortes
1775 3398 1868 3493 quod
1882 3398 1968 3467 attint

531 3489 618 3562 hanc
644 3497 677 3562 in
701 3492 795 3585 jure,
821 3499 938 3563 nonin
962 3493 1063 3563 modo
1081 3491 1274 3574 confiliere,
1297 3495 1393 3590 plus,
1423 3521 1523 3591 quam
1543 3495 1668 3564 clarum
1692 3492 1764 3578 est;
1800 3494 1867 3565 sola
1883 3498 1968 3565 Artl

536 3588 567 3674 §.
590 3617 616 3658 t.
645 3589 806 3686 inlpcftio
824 3588 978 3662 allettutn
999 3588 1146 3660 nollrum
1167 3590 1308 3688 probat:
1333 3595 1421 3664 inter
1441 3598 1617 3686 utriusque
1637 3591 1812 3684 religionis
1829 3589 1968 3665 Elestott

534 3686 725 3782 Principes,
752 3687 851 3758 llntns
872 3713 1009 3769 omnes,
1037 3688 1068 3757 dr
1091 3687 1233 3780 singulos
1252 3687 1288 3762 ht
1306 3692 1474 3786 aequalitas
1492 3690 1620 3770 annila,
1647 3714 1849 3786 mutuaque,
1875 3695 1937 3770 ita,
1956 3713 1968 3757 t

535 3785 627 3874 quod
654 3790 710 3855 uni
738 3792 822 3881 parti
848 3783 988 3881 justum,
1019 3788 1114 3856 altari
1140 3812 1276 3882 quoque
1300 3788 1421 3882 julium
1449 3785 1510 3858 elle
1537 3788 1677 3869 debeat,
1706 3790 1879 3883 equalitas
1903 3809 1968 3857 aute

537 3885 648 3972 quoad
667 3885 822 3966 modum,
848 3883 1027 3956 secundum
1042 3885 1213 3976 religionis
1229 3885 1448 3959 diverlttatem
1467 3884 1614 3956 absolute
1630 3886 1727 3956 debet
1739 3883 1803 3960 ell'e
1817 3882 1956 3964 diversa,

538 3979 723 4051 dit-erhtate
740 3986 862 4052 etenim
882 3982 1056 4074 religionis
1073 3984 1198 4078 aequale
1217 3983 1287 4077 jus,
1312 3984 1345 4055 dt
1367 3981 1491 4077 jullitia
1512 3983 1663 4055 ohtincre
1687 3983 1803 4067 debet,
1830 3984 1931 4055 modo
1948 3983 1968 4050 it

537 4099 604 4171 quc
620 4078 748 4151 diverso
763 4081 894 4178 justitia·
915 4080 1084 4174 aequalitas
1099 4082 1326 4174 procuranda,
1352 4082 1442 4178 quod
1468 4079 1522 4162 fit,
1548 4107 1610 4178 per
1626 4079 1786 4177 se'patct,
1813 4081 1968 4153 infinite<

540 4167 630 4245 ¹enirn
646 4180 743 4258 alias,
770 4205 867 4272 atquc
888 4174 1056 4248 fallrllimae
1076 4177 1342 4260 deducerentur,
1369 4178 1390 4249 h
1410 4179 1465 4249 illa
1489 4189 1613 4274 paritas
1629 4182 1731 4252 crude
1756 4182 1842 4251 odeo
1862 4174 1968 4250 lumid

540 4271 654 4356 beret,
674 4274 917 4360 concluhonea3
945 4275 1054 4370 quoad
1069 4273 1206 4346 modum
1223 4279 1333 4361 enim,
1360 4303 1434 4348 cum
1453 4277 1506 4347 hic
1525 4274 1592 4372 ipsa
1608 4301 1719 4368 tangat
1737 4279 1909 4369 religionis
1923 4275 1965 4371 pri

543 4373 649 4464 cipia,
678 4371 844 4443 divetlitas
861 4372 1035 4443 necellaria
1051 4370 1114 4454 est,
1140 4374 1172 4446 dr
1197 4376 1229 4443 in
1251 4375 1312 4442 hae
1329 4371 1462 4468 praecise
1479 4373 1666 4446 diterhtate
1682 4374 1862 4446 secundum
1877 4373 1966 4445 eande

543 4470 761 4540 nihilominus
786 4469 944 4567 justitiam
967 4471 1118 4544 ordinata
1143 4472 1200 4541 illa
1226 4469 1363 4542 subhllit
1386 4472 1722 4566 aequalitas·,‚quaevis
1743 4469 1912 4566 religionis
1933 4490 1968 4563 pa

545 4563 723 4640 secundum
741 4567 794 4641 l'ua
808 4569 902 4665 juta,
922 4569 1060 4640 modum
1078 4566 1192 4653 suum,
1214 4573 1380 4666 principia
1400 4567 1472 4653 sua,
1500 4569 1676 4664 dijudicari
1692 4597 1770 4644 cum
1783 4571 1911 4652 debeat,
1933 4587 1968 4676 su

1935 4680 1968 4752 u
