4950 5567
489 609 566 704 Dr
593 618 770 698 ONERE
790 613 932 698 PROB.
964 608 1107 701 SUBD.
1128 603 1375 704 trt'udrtd.
1398 618 1827 740 incultarum.
1863 652 1932 732 545

560 797 582 865 l.
596 815 620 863 r.
637 795 676 862 L.
691 817 719 861 1.
734 794 768 879 §.
786 809 807 877 8
830 848 837 863 .
852 800 901 866 uti
915 800 948 865 iu
962 800 1081 885 reliqna
1093 798 1240 885 Collegia
1253 800 1297 865 ita
1309 798 1346 866 dr
1363 817 1429 865 nou
1439 804 1544 868 miuus
1559 805 1590 869 lu
1609 807 1784 874 Ecclessara
1800 827 1936 892 compe·

556 882 601 946 tit
614 878 784 963 Imperauti
801 819 858 955 sus
878 883 928 948 ius
945 881 1079 948 astionis
1099 884 1274 967 generalis,
1295 885 1344 948 'us
1369 886 1450 948 circa
1471 884 1564 951 Sacra
1585 889 1748 971 igiturest
1766 889 1935 956 summa&
2054 882 2060 895 ⁴

555 962 700 1046 suprema
728 960 884 1061 Inspestio
911 905 1079 1048 Plincipis,
1129 983 1202 1028 uam
1224 966 1263 1029 vi
1285 902 1513 1050 superioritatis
1539 984 1691 1047 exercet,
1711 970 1748 1035 dc
1768 982 1863 1037 cavet
1885 991 1929 1038 ua

579 1042 1112 1118 uidabEccleiirsindetrimeutum
1150 1047 1317 1132 eipublicae
1329 1060 1466 1131 geratur.
1508 1048 1931 1134 Sequitureachacuorioua

554 1063 642 1210 suris
665 1125 747 1191 hauc
769 1126 979 1204 Facultatem,
1000 1129 1077 1193 hinc
1092 1127 1149 1204 Jus
1170 1131 1255 1193 circa
1270 1127 1366 1194 Sacra
1384 1129 1503 1213 ipsum,
1523 1136 1612 1198 omui
1630 1134 1676 1198 lm
1700 1134 1809 1199 erauti.
1824 1136 1932 1199 viudi-

555 1209 692 1276 candnm
706 1207 780 1281 elie,
795 1227 857 1275 nec
868 1209 1043 1295 Principem
1056 1231 1094 1276 ea
1106 1221 1181 1275 tuto
1197 1227 1303 1276 carere
1317 1210 1414 1296 polle,
1428 1213 1503 1276 inde
1511 1217 1576 1277 tarn
1589 1215 1717 1281 sollicrti
1727 1224 1816 1280 eruut
1825 1214 1843 1290 J
1846 1214 1933 1279 Cou-

553 1292 630 1356 sulti
651 1289 878 1367 Protestautea,
896 1303 934 1355 ut
953 1292 1171 1367 ostenderent,
1193 1292 1229 1358 dr
1250 1294 1390 1357 maxime
1407 1292 1585 1360 Germaniae
1600 1296 1751 1362 Procerus
1764 1299 1830 1386 jam
1852 1306 1929 1362 anta

555 1372 830 1441 Reformationem
843 1372 878 1438 δι
896 1374 991 1439 Paces
1004 1373 1197 1457 Religiosas,
1219 1373 1277 1449 Jus
1293 1376 1376 1439 circa
1391 1375 1485 1440 Sacra
1496 1378 1686 1453 exercuisse,
1709 1381 1759 1444 ntl
1777 1380 1810 1442 id
1821 1377 1929 1442 obier-

554 1457 651 1519 vavit
663 1454 731 1519 Cel.
750 1455 1032 1522 Punuscrrrus
1047 1457 1143 1521 Elem.
1155 1453 1239 1540 gyrat.
1261 1456 1365 1522 Canae
1375 1455 1415 1521 L.
1432 1457 1460 1522 1.
1481 1458 1514 1540 §.
1533 1459 1585 1534 8⁶·
1606 1482 1651 1525 ex
1666 1461 1738 1525 Idea
1753 1478 1834 1524 vero
1847 1459 1928 1523 Col·

554 1537 634 1622 legii
644 1535 793 1601 Ecclesrae
808 1536 923 1612 affista,
941 1557 1063 1603 novam
1078 1537 1253 1601 sortiuntur
1265 1538 1496 1605 dutinfflouem
1505 1582 1516 1614 ,
1539 1554 1693 1623 quatenus
1709 1544 1761 1624 ius
1775 1545 1855 1605 circa
1866 1539 1926 1605 Sa·

556 1638 609 1684 cra
622 1618 758 1703 Principi
778 1620 965 1705 dupliciter,
985 1620 1204 1702 acrespestive
1216 1631 1400 1703 competere
1415 1620 1600 1696 adfirmant,
1618 1624 1764 1707 Princeps
1775 1624 1926 1705 Collegio

555 1701 606 1770 illi
618 1702 764 1782 ⁴accedit,
787 1712 943 1784 quatenus
961 1702 1136 1768 membrum
1154 1701 1240 1766 illius
1259 1702 1321 1775 est,
1342 1703 1378 1767 dt
1399 1704 1432 1767 iu
1451 1702 1517 1766 huc
1540 1705 1611 1769 casu
1629 1707 1760 1789 reliquae
1781 1704 1927 1769 Personas

555 1781 730 1851 Ecclefiam
754 1784 1003 1860 constituentes,
1022 1781 1098 1859 Jura
1112 1795 1229 1866 quauta
1242 1796 1479 1867 quantaerant,
1502 1784 1657 1871 Principi,
1676 1790 1730 1869 qui
1746 1788 1784 1850 ad
1795 1788 1927 1851 clavum

556 1864 751 1949 Reipublicae
767 1864 870 1940 sedet,
885 1865 937 1929 sua
949 1865 1023 1938 Jura
1036 1863 1202 1946 resignasse
1216 1866 1259 1930 fin
1285 1874 1402 1942 untur,
1418 1869 1574 1950 comperit
1592 1886 1676 1932 nunc
1688 1870 1854 1954 imperanti
1867 1867 1925 1943 Juu

556 1949 639 2013 circa
655 1947 748 2012 Sacra
766 1944 906 2022 velJure
919 1947 1076 2028 Collegii,
1098 1945 1237 2019 velJure
1258 1885 1485 2031 superioritatla
1502 1948 1738 2025 Territorialis,
1767 1962 1925 2032 quatenus

554 2030 656 2112 igitur
672 2029 781 2093 Priuce
803 2049 819 2092 s
835 2047 901 2090 uon
914 2027 958 2092 est
970 2030 1146 2092 membrum
1161 2028 1318 2110 Collegii,
1340 2038 1473 2093 eatenus
1494 2029 1672 2096 destituitur
1683 2032 1757 2105 Jure
1772 2034 1853 2095 circa
1866 2031 1925 2095 Sa·

555 2131 609 2175 cra
622 2114 660 2175 ad
676 2110 751 2185 Jura
765 2050 954 2191 surreptura
976 2110 1097 2184 relato,
1119 2111 1205 2191 quod
1228 2111 1415 2191 largiamur,
1435 2108 1475 2174 Ε.
1494 2129 1526 2193 g.
1550 2111 1801 2179 fiProtestautes
1815 2113 1853 2176 ad
1865 2112 1923 2186 Jua

554 2194 638 2258 circa
651 2194 744 2259 Sacra
762 2192 855 2259 Colle
880 2192 941 2255 iaie
954 2189 1109 2260 referunt,
1131 2203 1168 2253 ut
1185 2194 1357 2272 rpprobats
1371 2189 1538 2254 Sacrorum
1554 2210 1667 2258 norma
1682 2197 1804 2259 animus
1818 2193 1924 2258 subdi·

553 2274 762 2340 torumreste
783 2212 967 2345 instilletur,
1003 2268 1147 2354 llposset
1172 2273 1308 2335 condere
1326 2271 1495 2335 formulam
1511 2273 1604 2349 fidei,
1638 2279 1678 2341 de
1696 2278 1839 2345 dustriua
1859 2296 1917 2360 pu·

554 2358 638 2426 blica
652 2357 833 2441 disponere,
854 2354 910 2427 Jua
926 2351 1137 2450 constituendi
1153 2351 1473 2451 superintendentes,
1494 2362 1570 2418 tuuc
1585 2376 1621 2419 ea
1638 2378 1712 2421 curu
1728 2369 1813 2423 caret
1834 2360 1921 2422 Pria.
2045 2419 2052 2428 ,

553 2433 1922 2603 {sinisiiiittliiiitliattilii]i‘dizlttiiiiltlti:it

554 2604 783 2688 Maiestaticum
804 2619 870 2663 uon
899 2600 1100 2675 absorbeant,
1121 2597 1158 2661 dc
1179 2597 1323 2664 nefastus
1345 2600 1379 2661 iu
1399 2617 1462 2660 uua
1494 2596 1594 2679 specie
1609 2612 1714 2663 totum
1736 2622 1838 2683 genus
1855 2622 1922 2667 uon

554 2690 693 2753 adimere
714 2685 811 2757 velit,
833 2681 967 2765 Principi
983 2682 1141 2766 sequeutia
1159 2678 1233 2753 Jura
1251 2689 1399 2761 tauquam
1414 2678 1545 2742 effectus
1559 2680 1785 2764 superioritatia
1801 2682 1835 2745 dr
1849 2684 1923 2761 qul-

553 2772 617 2836 bus
631 2770 696 2851 ipse
707 2789 751 2832 ex
764 2763 958 2831 conseilmue
976 2762 1014 2829 D.
1032 2764 1280 2827 Pnurscsrrr
1296 2779 1403 2824 carere
1414 2762 1612 2905 nongotest,
1632 2766 1757 2847 optimo
1773 2763 1848 2841 lure
1861 2783 1923 2832 ex·

553 2853 653 2937 empli
671 2853 772 2933 gratia
785 2847 936 2920 asserunt,
961 2847 1087 2927 lusscil.
1108 2847 1191 2909 circa
1211 2844 1393 2907 sastosdics
1411 2843 1481 2905 nesa
1510 2862 1629 2926 usque,
1648 2847 1792 2910 laetitiam
1814 2843 1921 2926 publi·
2037 2918 2041 2924 ⁵

553 2953 643 3009 eam,
666 2943 730 2994 aut·
744 2930 881 3002 rustum,
902 2931 981 2992 ritus
994 2929 1026 2991 δι
1039 2927 1243 2992 ceremonias
1256 2924 1442 2998 Sacrorum,
1465 2923 1614 2989 solemnia
1628 2926 1760 2991 Precum
1780 2925 1922 3009 publica·

551 3034 644 3089 tum,
663 3012 803 3095 hymnos
816 3011 850 3073 dr
867 3011 986 3082 cantica
1003 3011 1042 3073 ad
1057 3009 1228 3094 probandi,
1251 3005 1286 3071 dt
1310 3007 1522 3090 improbandi,
1545 3007 1681 3090 denique
1709 3010 1791 3071 circa
1814 3008 1921 3090 legera

552 3099 592 3163 iu
611 3094 708 3167 Pestis
729 3092 969 3162 catholicorum
987 3094 1024 3155 ab
1044 3093 1150 3175 operis
1177 3089 1374 3153 manualibus
1391 3088 1573 3179 abstinendi.
1596 3090 1666 3154 add.
1691 3088 1795 3154 Perill.
1817 3088 1857 3153 D.
1876 3087 1919 3153 de

554 3178 763 3247 Castrare,
794 3176 828 3235 in
852 3168 931 3257 Diffi
950 3174 987 3241 de
1016 3171 1107 3267 &rare
1130 3176 1210 3242 cirta
1232 3169 1333 3240 Sam
1362 3168 1486 3266 illapsi.
1514 3167 1553 3245 Ψ
1586 3171 1738 3266 collegiati,
1758 3191 1791 3265 p,
1811 3188 1862 3267 22.
1878 3167 1919 3242 δ’

554 3254 920 3354 mmwmu
1264 3282 1270 3298 ·
1744 3307 1749 3315 .
1946 3244 2072 3320 mh

1096 3416 1131 3503 §.
1178 3410 1272 3488 XV.

555 3548 678 3630 Thelis
698 3552 801 3646 igitur
823 3546 880 3622 illa
894 3569 974 3623 vera
994 3542 1040 3621 cst
1063 3571 1124 3620 uec
1139 3541 1395 3619 Prurellarrtium
1417 3541 1594 3639 Principiis
1615 3540 1797 3615 contraria:
1821 3538 1919 3619 Prius

477 3677 522 3755 pr
535 3642 1204 3747 CatholicusJurisdisiioncEcclesrallica
1216 3642 1337 3736 gaudet
1353 3645 1387 3712 in
1400 3642 1473 3714 luos
1484 3640 1631 3755 subditur
1647 3644 1687 3711 A.
1698 3642 1735 3711 C.
1753 3635 1915 3752 addition,

476 3775 608 3827 ratenus
632 3750 741 3822 illaec
758 3753 842 3844 Jure
856 3746 1127 3842 Superioritatis,
1149 3745 1260 3813 minus
1282 3763 1364 3815 vero
1377 3739 1519 3833 Collegu
1541 3757 1734 3837 promanat,
1756 3756 1915 3834 quonlam

476 3856 583 3949 rJure
597 3871 711 3921 carere
725 3843 862 3943 prorsus
878 3867 945 3914 nou
962 3837 1080 3940 potest.
1112 3846 1145 3933 §.
1162 3841 1284 3936 prered.

477 4018 590 4086 Aliter
602 4012 734 4099 proinde
747 4010 809 4075 dici
822 4028 887 4071 nou
898 4006 1022 4089 potest,
1044 4024 1082 4069 ac
1097 4003 1207 4076 Status
1221 4003 1434 4070 Protestautes
1447 4001 1587 4070 Statibus
1603 4001 1664 4066 suis
1676 3998 1849 4065 Catholicis
1860 3996 1917 4071 Ju-

558 4096 778 4163 risditbionem
789 4093 875 4157 illam
891 4093 972 4155 circa
984 4089 1077 4154 Sacra
1092 4089 1203 4152 ulienae
1224 4087 1311 4153 Fidei
1331 4090 1363 4151 in
1378 4087 1439 4170 ipsa
1454 4086 1673 4170 pacificatione
1688 4080 1838 4145 addixisse
1846 4124 1859 4176 ,ι
1877 4100 1914 4140 ac

558 4182 635 4246 dum
656 4176 841 4261 Episcopale
856 4172 912 4246 ius
927 4171 988 4235 suit
1009 4171 1086 4235 inibi
1106 4167 1157 4233 sus
1173 4169 1296 4244 cusum,
1319 4168 1367 4232 lta
1383 4170 1524 4232 Domino
1543 4166 1741 4229 Territoriali
1759 4164 1813 4238 Jus
1833 4178 1914 4257 circa
1987 4229 1990 4234 ,

557 4262 652 4329 Sacra
664 4258 753 4324 suisse
766 4257 928 4328 relitium3
950 4255 1085 4337 probant
1099 4253 1131 4316 id
1146 4192 1290 4317 sstrmslia
1304 4249 1338 4316 dt
1350 4252 1421 4314 loca
1435 4251 1522 4314 Pacis
1541 4245 1761 4344 Westphplicae
1776 4245 1915 4340 uberius,

557 4346 605 4411 ita
622 4345 706 4407 euim
719 4348 834 4404 extant
846 4338 941 4401 verba
952 4336 1103 4400 notabilia
1116 4335 1169 4398 illa
1180 4336 1214 4399 in
1225 4336 1302 4398 Art.
1321 4331 1358 4397 V.
1374 4337 1402 4412 ς.
1419 4351 1470 4414 30.
1484 4332 1517 4395 in
1528 4328 1592 4394 fine
1604 4332 1680 4392 aaliz
1695 4326 1915 4421 Statua-carme·-

557 4428 645 4491 dioto
656 4422 725 4505 δας
736 4421 817 4503 quod
837 4418 892 4502 ipfi
906 4422 1025 4481 ratione
1045 4418 1224 4489 Territcrt'i,
1245 4413 1284 4479 s?
1299 4414 1541 4496 Superioritaris
1554 4415 1588 4475 in
1611 4418 1731 4492 negatrc
1744 4407 1915 4551 Relrssrcnrr

558 4510 698 4586 competit
711 4504 856 4586 impediri
871 4502 990 4576 debere,
1012 4500 1188 4580 Negotium
1207 4496 1384 4590 Religionis
1403 4514 1462 4575 pro
1478 4494 1541 4577 ipsa
1562 4487 1785 4587 Juriadidiione
1833 4487 1916 4551 ccle·
1972 4552 1982 4571 ,

556 4589 673 4654 fiaiiica
691 4607 734 4650 ex
753 4595 859 4651 mente
872 4582 1094 4669 paciscentium
1111 4580 1225 4665 partim
1248 4599 1291 4642 ex
1306 4575 1456 4657 adJuusto
1470 4576 1524 4647 sub
1541 4575 1603 4644 Lit.
1616 4572 1670 4651 B.‚
1689 4581 1805 4657 parum
1816 4590 1860 4637 ex
1872 4587 1914 4632 eo
1945 4551 2007 4622 1¹¹1·
2019 4549 2057 4619 Β·

486 4673 621 4758 Tamus
652 4667 722 4753 W·
1255 4664 1373 4741 Zaa
1466 4739 1469 4743 ,
1511 4725 1519 4736 ,
1835 4669 1917 4719 cuu-
