4950 5567
607 637 679 737 646

721 813 760 870 to
780 805 829 867 ric
849 815 869 862 2
891 846 901 864 .
920 794 1075 862 Albanas.
1095 804 1123 871 §-
1137 815 1167 880 5.
1183 796 1243 859 hac
1257 792 1426 857 rationein
1445 769 1575 856 trbiirio
1587 791 1835 859 catholicorum
1851 795 1945 874 fore,
1969 817 2009 864 att
2024 803 2083 886 pati

722 884 832 968 Westp
888 883 945 944 ’cae
956 881 1089 963 aliisque
1100 881 1183 943 circa
1195 876 1397 958 Religionem
1409 875 1535 957 legibue
1548 874 1728 943 satisfacere
1740 878 1868 958 velint,
1889 875 1951 946 ne'c
1960 899 2012 949 ne.

1175 1101 1183 1131 t
1262 1059 1298 1144 §.
1330 1051 1451 1126 ‚v11.

442 1223 497 1292 g,
507 1223 593 1288 An..
728 1193 804 1269 Posi
819 1181 886 1266 'tam
900 1191 1092 1264 continuam
1104 1187 1218 1281 legum
1233 1188 1373 1283 Imperii
1389 1181 1507 1259 seriem
1520 1211 1587 1261 unt
1606 1184 1739 1285 semper
1758 1185 2002 1287 constantique
2013 1193 2097 1266 retit-

427 1308 522 1390 logie
539 1305 597 1370 ali-
617 1321 660 1370 ne
675 1290 940 1391 jurisdislionem
962 1290 1255 1382 cognitionemque
1271 1285 1505 1393 supremorum
1527 1287 1669 1381 Imperii
1692 1282 1922 1359 tribunalium
1936 1293 2027 1361 circa
2047 1293 2099 1363 lle·
2121 1337 2125 1342 -

433 1407 529 1453 om
619 1395 752 1487 ligionis
768 1389 957 1482 gravamina
973 1381 1236 1474 agnoscentium,
1264 1383 1504 1462 adserendum,
1528 1380 1822 1462 confirmantium,
1847 1385 2098 1480 explicandum,

401 1511 410 1538 ³
434 1479 585 1568 ‘uim
620 1494 695 1587 quis
711 1488 823 1558 credat
837 1482 986 1580 pauculis
1003 1481 1068 1548 illis
1092 1480 1347 1574 capitulationis
1371 1475 1526 1548 Caesareae
1549 1478 1659 1550 verbis
1685 1476 1825 1574 systema
1849 1485 2003 1578 Imperii
2018 1486 2052 1554 in
2071 1506 2101 1555 tt

432 1551 537 1696 Q*
621 1582 798 1682 gravissmi
821 1579 982 1650 momenti
1004 1579 1172 1646 immutari
1200 1575 1327 1669 plane;
1352 1597 1503 1656 novum,
1529 1597 1674 1671 eumque
1700 1572 1879 1648 insolitum
1905 1579 2104 1674 procedendi

460 1725 462 1732 ·
621 1682 761 1758 modum
776 1675 961 1756 introduci;
986 1674 1088 1770 idque
1106 1675 1139 1740 in
1159 1671 1390 1768 prejudicium
1404 1695 1568 1768 perquam
1590 1695 1692 1766 grave
1708 1667 1866 1769 ipsorum
1881 1677 2034 1768 Imperii
2046 1681 2104 1749 Su·

620 1782 742 1854 tuum?
768 1773 910 1845 Provide
925 1794 1057 1841 cautum
1071 1766 1160 1839 essin
1180 1779 1279 1862 capnt.
1297 1775 1374 1841 Art.
1397 1775 1496 1850 rw.
1517 1783 1550 1839 ό.
1575 1797 1607 1850 7.
1633 1769 1717 1840 adde
1733 1777 1814 1840 Art.
1845 1795 1907 1855 19·
1930 1781 1970 1858 5.
1989 1787 2027 1844 6.
2040 1781 2104 1853 An.

629 1905 642 1950 a
649 1903 683 1960 5.
698 1883 735 1956 J.
754 1901 786 1953 7.
809 1893 847 1942 ut
860 1872 991 1964 quoties
1009 1864 1156 1936 subditus
1173 1865 1336 1936 territorii
1352 1867 1534 1935 Dominum
1557 1864 1658 1960 injus
1675 1864 1959 1961 apud.Supt·cme
1974 1867 2106 1942 Dic-lle

623 1975 675 2046 ria
687 1991 807 2043 vocare
820 1965 917 2043 velit,
942 1965 1010 2033 ltaec
1025 1985 1201 2056 antequam
1215 1961 1370 2032 advorsus
1387 1961 1481 2030 illum
1523 1964 1682 2059 uidquam
1710 1962 1919 2047 decernant,
1937 1963 2103 2039 informari

625 2070 721 2168 ptius
734 2062 946 2156 instruiquea
963 2056 1154 2129 Dicasteriis
1169 2062 1279 2127 Status
1295 2059 1487 2152 hujusmodi
1499 1986 1536 2128 ie
1550 2082 1683 2140 curent,
1707 2059 1798 2130 unde
1819 2062 1976 2145 consiet,
2006 2090 2046 2134 an
2059 2065 2103 2134 illa

625 2171 661 2237 in
682 2163 735 2258 jus
759 2165 888 2229 vocatio
910 2153 1030 2226 frivola
1046 2180 1113 2225 non
1133 2151 1190 2234 sit,
1214 2155 1247 2225 dr
1263 2152 1390 2225 nonntsr
1405 2178 1442 2227 ex
1459 2153 1591 2225 audacie
1606 2158 1749 2227 hominis
1763 2159 1925 2230 Domino
1940 2157 2005 2231 suo
2019 2157 2107 2232 resrr-

627 2259 724 2331 {larii
747 2277 911 2351 prognata
972 2255 1047 2350 Jam
1064 2278 1145 2324 veto
1162 2256 1195 2320 in
1208 2259 1347 2324 materia
1364 2275 1463 2346 quem
1477 2255 1618 2323 maxime
1636 2253 1794 2334 delicata,
1816 2256 2019 2348 Religionis
2034 2257 2107 2328 vide·

627 2359 724 2437 licet,
749 2347 931 2423 contessum
953 2347 989 2418 stt
1011 2373 1080 2419 non
1105 2346 1211 2419 solum
1234 2349 1371 2419 subditis
1387 2349 1538 2418 adversus
1556 2351 1739 2420 Dominum
1754 2352 1938 2444 querelas,
1967 2377 2007 2426 ut
2021 2355 2104 2450 plati

627 2477 722 2528 mum
740 2445 896 2528 frivolas,
921 2446 1135 2516 Ratisbonam
1150 2469 1277 2539 usque,
1300 2445 1564 2541 quandocunque
1580 2444 1688 2526 lubet,
1712 2444 1871 2531 deserte,
1899 2446 1961 2520 sed
1985 2450 2102 2523 &illiti

629 2549 784 2624 mandata
805 2541 958 2616 adversus
975 2545 1139 2614 Dominus
1161 2543 1366 2612 decernenda
1391 2565 1504 2621 crunt,
1532 2537 1723 2614 Commisso
1744 2544 1785 2612 ad
1807 2543 1929 2616 locum
1955 2543 2100 2618 immensi

629 2642 815 2745 sumptibus
838 2640 1018 2721 mittenda,
1044 2642 1194 2710 executio
1217 2637 1429 2736 expedienda.
1477 2642 1563 2729 Qris
1586 2663 1652 2709 non
1675 2638 1782 2721 videt,
1809 2640 1888 2711 haec
1901 2666 2009 2737 quam
2026 2646 2100 2714 maai·

631 2769 688 2819 me
713 2739 832 2813 absone
855 2737 936 2818 esse,
963 2761 1072 2833 ueque
1093 2739 1198 2810 menti
1222 2738 1335 2829 legum
1349 2738 1489 2832 lmperii
1510 2741 1544 2805 in
1560 2732 1672 2808 caussa
1688 2736 1780 2818 eliis,
1806 2739 2055 2835 utplurimum
2072 2740 2099 2812 le

633 2839 803 2919 rioribus,
827 2839 965 2907 minime
980 2832 1145 2905 consona?

672 3005 712 3075 ln
727 3008 809 3071 hanc
826 3023 890 3065 tem
908 3004 972 3084 jam
990 3002 1151 3094 inquiebat
1170 2998 1224 3062 Ca
1234 3019 1256 3061 tt
1263 3017 1373 3094 onus
1393 2995 1468 3062 Vll.
1492 3000 1523 3094 in
1545 2998 1639 3093 utar..
1659 2993 1805 3081 Comeniffl
1827 3019 1881 3066 12.
1899 3003 2012 3095 April
2033 3021 2098 3087 17²²

740 3098 911 3254 ltalia
928 3079 2099 3247 &stillim:siglas-‚llll,lllsltlsallzllit‘slll

748 3247 845 3330 Kays.
865 3246 944 3329 Maj.
965 3249 1010 3307 oss
1025 3247 1090 3307 dent
1109 3243 1298 3324 Oberltaupl,
1321 3246 1384 3304 nard
1402 3242 1483 3303 Hero
1497 3240 1629 3323 latichflen
1646 3242 1912 3322 Reirstsgert'tleten
1932 3250 2048 3332 ohtigr,
2064 3247 2098 3328 lt·

749 3332 818 3395 bold
836 3334 900 3391 eine
921 3327 1031 3390 Parrha
1068 3327 1106 3387 A.
1123 3323 1157 3388 C.
1180 3323 1381 3387 Verwandten
1398 3323 1482 3384 tlteils
1497 3322 1581 3403 sepe,
1604 3321 1669 3405 duss
1688 3341 1758 3384 man
1777 3329 1881 3388 toeder
1895 3333 1953 3391 via
1971 3330 2100 3394 ordinarit

749 3409 949 3495 processuum
963 3349 1140 3488 vestime,
1164 3407 1236 3467 oder
1254 3403 1412 3487 gleichsam
1427 3405 1483 3466 alle
1495 3403 1596 3484 Leges
1609 3401 1789 3485 llberfolrren
1802 3406 1896 3490 mssffe
1904 3429 1916 3480 ,·
1940 3416 2018 3475 oder
2029 3410 2100 3492 dieser

750 3497 901 3574 weniger,
927 3493 977 3559 als
995 3493 1126 3553 anderen
1147 3487 1388 3568 Reicltsglredern
1407 3487 1470 3546 und
1496 3484 1702 3550 Unlerthanen
1721 3486 1770 3549 die
1792 3495 1950 3570 probatio
1970 3496 2046 3575 juris
2059 3495 2101 3554 dte

752 3577 865 3657 obiiege
877 3571 964 3643 δε..
983 3615 992 3637 .
1008 3617 1018 3638 .
1034 3569 1109 3635 notis
1125 3572 1179 3633 der
1192 3572 1347 3652 geratinea
1358 3569 1452 3650 liegel
1462 3568 1552 3641 aber,
1572 3587 1619 3629 wo
1630 3570 1698 3631 stin
1711 3567 1848 3654 Isidgtr,
1860 3575 1939 3658 sepa
1955 3579 2026 3642 sein
2036 3572 2103 3640 lun

753 3666 811 3722 ter.

1260 3809 1295 3891 §.
1348 3803 1472 3878 Vlll.

473 3985 504 4054 E
545 3985 624 4052 ιω.
677 4029 679 4034 Ι
755 3947 869 4038 Atque
893 3940 963 4011 haec
986 3937 1077 4018 sunt,
1103 3961 1195 4033 quae,
1222 3940 1272 4006 uti
1296 3938 1432 4032 quidem
1454 3934 1620 4018 exislimo,
1649 3933 1724 4008 satis
1748 3934 1943 4009 luculenter
1966 3942 2104 4024 evincunt,

469 4009 589 4133 'ubxltffl
623 4039 753 4132 relatis
775 4041 841 4134 jam
864 4039 1040 4133 aliquoties
1065 4033 1321 4129 capitulationis
1344 4035 1455 4106 verbis
1477 4035 1522 4103 nil
1543 4034 1632 4105 aliud
1655 4059 1673 4104 a
1698 4030 1826 4104 caesare
1853 4042 2035 4131 promitti,
2059 4038 2104 4120 nist,

452 4089 623 4250 smmi.
640 4137 732 4237 quud
751 4132 912 4250 inncauffis
928 4136 1064 4299 qqrdem
1079 4130 1152 4300 iPss'
1171 4131 1365 4298 qvem·
1382 4128 2019 4300 desipitis,lficubinecduqtsresiitutio
2034 4133 2106 4216 satit,
2124 4235 2125 4256 Χ

405 4329 408 4336 ’
454 4251 526 4302 ¹¹⁸·
641 4234 981 4407 dildleritii‘delsitiuiit:
998 4239 1077 4397 dciii
1093 4252 2035 4420 imldlldiaiususdldsit,lidiii,teseldndtpddtisediisqiiiitisi
2052 4258 2109 4422 liii·

641 4427 704 4500 bus
723 4428 861 4523 imperii
882 4422 1084 4521 praescripris
1099 4420 1234 4493 effestui
1253 4424 1354 4496 dare:
1381 4428 1414 4494 in
1435 4418 1548 4493 caussis
1563 4447 1644 4494 vero
1664 4424 1750 4494 circa
1765 4422 1986 4514 Religionem
2007 4427 2107 4524 posis.

643 4530 699 4595 W.
722 4517 939 4596 controverss
964 4515 1137 4624 processus¹
1155 4523 1303 4591 ordinarii
1327 4521 1481 4612 ambages
1507 4516 1647 4590 sinuosas
1673 4543 1870 4612 rempvere,
1908 4525 1993 4620 quin
2021 4548 2109 4597 tantu

646 4613 833 4708 Staminariis
849 4619 1031 4714 propterea
1045 4615 1134 4710 apud
1149 4612 1456 4716 suppeqra,lmpcrii
1468 4613 1648 4687 Dic‘asleria
1664 4613 1773 4686 serbis
1786 4613 1856 4687 islis
1872 4617 2007 4692 excludi
2024 4624 2111 4695 videt·

650 4740 723 4790 tur:
748 4711 855 4791 multo
872 4737 982 4791 tutem
995 4716 1106 4789 minut
1118 4762 1128 4799 ,
1153 4714 1246 4812 quod
1267 4713 1309 4788 ed
1333 4699 1810 4811 mandtrtcommissmntsque
1825 4713 2052 4794 decernendas
2063 4719 2112 4792 illi·

2081 4831 2114 4888 ω
