4950 5567
525 647 606 730 'DE
630 643 922 727 PAcToRuM
947 645 1144 727 HlLDES.
1163 648 1222 726 ΙΝ
1248 649 1495 737 CONFlRM.
1522 651 1690 733 COMM.
1707 657 1774 738 dre.
1830 685 1903 762 279

478 827 690 909 tbratiilimus
714 837 874 904 Dnvto
902 834 1150 907 Gronorus
1178 837 1416 921 Sruussu,
1442 834 1527 910 side
1549 838 1777 914 Antecedente
1801 835 1901 914 semel
1918 830 1965 894 (θ’
1979 832 2091 932 liquem

478 935 652 1014 venirent,
683 927 818 1002 diffiteri
835 932 922 1002 houd
938 955 1120 1029 poterunt,
1147 930 1219 1029 ipso
1239 934 1315 1016 illo,
1341 960 1409 1028 quo
1425 937 1586 1008 idemmet
1600 961 1686 1009 nunc
1702 940 1898 1012 Simultaoei
1917 917 2100 1013 “lillffldl'·

478 1037 498 1102 li
523 1028 593 1103 live
616 1032 697 1122 mffi
722 1031 766 1100 ito
784 1026 863 1102 diiii
880 1028 1099 1102 universalem
1122 1054 1183 1124 per
1199 1054 1316 1102 omnes
1330 1035 1471 1127 Imperii
1488 1037 1678 1105 Provincias
1694 1037 1897 1131 prohibitio·
1915 1013 2050 1142 ffim'

478 1152 549 1202 rex
574 1125 791 1219 sbrogotione
813 1125 893 1197 diui
919 1124 1070 1198 Recellus
1094 1122 1221 1199 inferre
1243 1151 1407 1210 conetur,
1436 1155 1633 1222 argumento
1654 1128 1764 1228 prelii.
1814 1139 1900 1208 Non
1990 1124 2003 1148 ⁰

478 1247 501 1298 o
556 1225 789 1318 raerogotivom
816 1225 962 1318 aliquem
992 1225 1064 1295 dori
1088 1222 1224 1297 voluilie
1252 1225 1397 1298 Statibus
1423 1227 1684 1299 Prouincialibus
1706 1229 1739 1300 dt
1762 1226 1901 1306 subditis

478 1345 494 1396 t
547 1321 682 1394 entibus
714 1321 804 1392 illius
829 1320 1070 1419 Episcopatus,
1101 1320 1186 1392 Aua
1211 1319 1323 1393 telluri
1348 1321 1409 1420 ipli
1436 1324 1617 1406 videntur,
1649 1324 1705 1398 sed
1731 1327 1901 1423 purificari

482 1421 670 1494 metaliis
696 1415 834 1490 subditis
862 1415 1122 1490 l'rotestontibus
1148 1421 1182 1489 io
1208 1423 1360 1516 Imperio
1383 1421 1519 1493 eosdem
1542 1420 1691 1496 voluisse.
1747 1430 1902 1502 Stotuum

478 1517 678 1594 vincislium
692 1523 733 1588 A.
749 1522 787 1587 C.
808 1514 1038 1598 uddiilorum,
1065 1515 1265 1589 Nobilitotis
1282 1518 1455 1600 videlicet,
1481 1520 1713 1593 &Civitotum
1734 1525 1901 1617 Syndicus

477 1620 572 1690 erius
595 1639 817 1693 memoratus,
843 1613 973 1686 Dolior
994 1619 1253 1686 Kuuuucxr
1277 1610 1507 1708 Osoabrugum
1527 1615 1659 1708 missus,
1686 1620 1722 1689 id
1745 1647 1848 1693 unum
1864 1625 1902 1695 in

477 1711 653 1797 uhobuit,
680 1711 909 1793 demandatis,
936 1736 977 1784 oe
992 1711 1168 1783 detcrioris
1184 1715 1324 1785 omnino
1339 1714 1538 1786 conditionis
1556 1712 1630 1787 lieri
1650 1716 1749 1812 hujus
1767 1719 1904 1816 Episco·

477 1835 512 1886 us
528 1811 693 1908 Stsmsdt
714 1808 867 1882 subditos·
911 1811 955 1882 'rae
980 1808 1120 1905 reliquis
1146 1808 1302 1882 omnibus
1331 1806 1591 1885 l⁵rotellonribus
1618 1835 1801 1912 poteretur.
1847 1816 1903 1890 Ad

477 1935 504 1984 te
520 1907 630 1982 solum
647 1906 805 1981 effellum
823 1833 921 1979 mela
946 1907 1002 1978 illa
1023 1931 1064 1979 eo
1078 1908 1198 1990 modo,
1223 1934 1292 2006 quo
1308 1932 1326 1981 s
1342 1911 1499 1980 Dominis
1513 1904 1714 1982 Corsoreonis
1731 1911 1763 1983 dt
1781 1917 1904 1987 Domi·

477 2011 596 2082 Suecis
614 2003 739 2078 subluto
759 2001 872 2092 fuere,
892 2001 1015 2077 sublate
1039 2011 1176 2102 quoque
1194 2031 1368 2080 remanere
1390 2004 1528 2084 debere,
1556 2009 1591 2077 in
1613 2005 1690 2090 suo,
1715 2013 1806 2105 quod
1824 2013 1903 2084 ulti·

490 2104 635 2187 obtulit,
663 2104 876 2184 Memoriali,
900 2103 1049 2198 ejusdem
1065 2105 1116 2174 Cl.
1134 2109 1398 2176 Sumuntur
1414 2130 1453 2176 ex
1468 2102 1646 2186 sententio,
1665 2111 1772 2201 petiit.
1820 2113 1902 2183 Hoc

477 2202 605 2304 polito,
627 2225 736 2298 oeque
754 2203 868 2298 petitis
884 2203 955 2297 ejus
975 2202 1007 2273 dt
1027 2199 1198 2298 postuleris
1220 2199 1427 2274 liberaliores
1447 2201 1679 2274 Coloniensem
1697 2203 1902 2288 Eleliorem,
1959 2201 1965 2206 ’

487 2298 658 2376 Caessreos
678 2302 1012 2397 Pleniporentiarios,
1036 2320 1093 2369 sut
1114 2300 1195 2370 slios
1219 2323 1438 2396 quoscunque
1459 2305 1569 2373 Status
1587 2302 1799 2388 catholicos,
1826 2301 1901 2398 post

476 2401 697 2472 idiuturnsm
718 2403 952 2480 renitentium,
980 2398 1013 2469 dt
1036 2392 1109 2468 fere
1129 2395 1253 2468 lullum
1276 2397 1418 2467 dixerim
1440 2421 1641 2479 extremum,
1667 2397 1729 2471 elle
1752 2397 1899 2482 voloiffe,

476 2497 557 2572 dere
578 2518 637 2569 sut
654 2493 854 2592 persuadere
878 2495 936 2567 fibi
957 2494 1105 2664 prudens
1128 2495 1297 2592 quispiam
1320 2496 1455 2590 poterit.
1508 2495 1610 2592 Quod
1631 2473 1831 2592 igissrjuris
1853 2497 1901 2570 est

476 2595 553 2668 eliis
568 2596 711 2690 Imperii
736 2597 858 2677 tetris,
884 2594 956 2693 idip
973 2617 1029 2665 um
1052 2594 1086 2663 in
1105 2588 1366 2664 Hildestenlibus
1390 2589 1561 2673 obtinere,
1585 2593 1651 2662 hoc
1674 2592 1786 2665 saltem
1804 2618 1901 2686 ergo·

476 2691 598 2768 moed
625 2692 796 2765 hominem
821 2715 937 2764 contro
962 2689 1104 2762 eundem
1131 2697 1298 2762 Amorem
1325 2687 1517 2785 expeditum
1543 2688 1686 2761 videtur.
1747 2692 1899 2775 Accedit,
1916 2667 2068 2822 ωὲιζξΰ.

1917 2833 1935 2896 f

476 2793 529 2874 id,
554 2787 577 2863 fi
595 2813 635 2863 ex
647 2787 705 2861 istc
722 2788 881 2861 sententio
889 2791 1089 2886 aequiparari
1106 2789 1178 2858 eliis
1188 2788 1328 2883 Imperii
1337 2784 1475 2858 subditis
1485 2784 1709 2860 Hildesteoses
1719 2788 1897 2874 voluerint,
1933 2841 2049 2902 ommi

476 2913 521 2962 un
535 2885 672 2962 diversae
693 2888 801 2959 adhue
816 2885 1024 2958 subditorum
1040 2886 1214 2980 qualitates
1228 2880 1396 2956 diversum
1414 2883 1622 2978 aliquetenus
1635 2889 1697 2982 Jus
1720 2881 1898 2960 fundantes
1916 2937 1958 2980 ex
1971 2921 1987 2980 s
1998 2899 2091 2984 'et-lc·

476 2988 559 3060 :erni
573 2989 699 3060 merito
710 2983 867 3066 debeant,
893 3006 994 3082 etque
1008 2982 1067 3054 isse
1081 2985 1299 3080 aequiporotio
1312 2984 1442 3055 coeterir
1459 2980 1595 3074 poribus
1618 2985 1756 3055 omnino
1775 2985 1898 3058 intelli·
1917 2943 2068 3066 liboicir-

476 3087 523 3157 ⁴ds
539 3084 588 3156 stt.
638 3087 809 3155 Novimus
825 3085 914 3154 enim
935 3081 1079 3178 duplicis
1095 3087 1227 3174 generis
1244 3078 1390 3151 subditos
1407 3083 1442 3149 in
1456 3077 1771 3174 PoceWelipholice
1788 3083 1898 3156 dillio·
1916 3085 2072 3182 tpmstm-

483 3233 493 3268 ,
520 3207 609 3280 quos
631 3185 730 3252 etiam
747 3180 876 3252 diverso
899 3180 1016 3251 exinde
1037 3185 1121 3276 Jure
1144 3181 1291 3272 gaudere
1309 3177 1471 3249 videmus.
1522 3183 1610 3250 Alios
1638 3183 1823 3267 nimirum,¹
1842 3188 1900 3282 qui
1917 3179 1971 3228 ¹¹¹⁸
1995 3171 2049 3230 ὼ

476 3291 569 3354 inno
587 3279 745 3350 Normali
767 3276 824 3349 sub
840 3282 982 3373 proprio
998 3277 1031 3348 dr
1048 3279 1200 3370 legitimo
1218 3279 1367 3347 Domino
1382 3276 1600 3347 Territorioli
1621 3275 1761 3365 versati,
1786 3282 1902 3378 ibique
1917 3246 2055 3334 suml'w·

475 3403 527 3452 tro
542 3375 608 3450 suae
621 3378 805 3469 Religionis
817 3379 983 3448 Exercitio
1000 3373 1093 3446 fruiti
1111 3370 1260 3457 fucrmr,
1286 3378 1361 3445 alios
1386 3398 1486 3456 vero,
1512 3376 1569 3470 qui
1585 3371 1645 3445 sub
1661 3380 1768 3449 alieno
1783 3383 1903 3453 Domi·

480 3478 517 3550 io
540 3478 775 3572 oppignorans
794 3497 835 3543 eo
849 3496 1003 3567 tempore
1025 3476 1124 3545 terris
1148 3473 1346 3544 commorati
1370 3470 1542 3567 publicum
1567 3472 1692 3547 ibidem
1715 3477 1902 3571 Religionis

475 3577 625 3648 rtcitium
640 3568 887 3668 praefotoAnno
901 3569 1095 3643 habuerant.
1146 3575 1199 3641 De
1214 3569 1275 3640 hoe
1289 3566 1474 3665 posteriore
1487 3567 1694 3645 subditorum
1711 3571 1804 3646 ciuile
1821 3603 1905 3650 non·

477 3674 501 3744 il
525 3669 695 3742 diversum
721 3666 881 3741 sancitum
905 3669 1029 3760 legitur
1054 3673 1088 3739 in
1116 3665 1340 3738 Iollrumemo
1365 3671 1478 3748 Pacis,
1505 3667 1538 3740 dt
1561 3670 1697 3764 quidem
1723 3672 1902 3747 luculentis

476 3775 559 3842 uino
576 3766 703 3844 verbis,
725 3766 815 3863 quod
840 3769 985 3858 migrare
1000 3765 1137 3864 quidem
1153 3764 1198 3835 ob
1213 3763 1423 3857 Religionem
1440 3768 1515 3857 cogi
1535 3792 1602 3836 non
1626 3765 1759 3861 pollint,
1786 3769 1840 3843 l'ed
1857 3797 1905 3844 te·

475 3895 495 3940 n
514 3868 548 3939 dt
565 3865 638 3936 aliis
657 3863 792 3935 subditis
809 3862 867 3935 sub
884 3867 1026 3961 proprio
1040 3867 1189 3935 Domino
1201 3866 1368 3935 Exercitio
1384 3863 1519 3959 publico
1534 3890 1575 3934 eo
1590 3875 1688 3937 Anno
1703 3868 1818 3960 gavisis
1835 3896 1904 3943 non

475 3971 553 4037 titus
576 3963 823 4058 aequiparandi,
848 3986 907 4030 nec
934 3961 1053 4032 eodem
1075 3959 1195 4042 modo,
1220 3981 1290 4058 quo
1312 3981 1387 4032 onte
1409 3984 1643 4044 exercuerunt,
1670 3963 1805 4059 prorsus
1822 3967 1902 4040 libe·

475 4060 576 4135 nsuae
593 4063 780 4153 Religionis
796 4062 997 4129 Exercitium
1017 4059 1188 4155 publicum
1209 4058 1419 4154 protendere
1435 4055 1562 4153 pollint.
1612 4059 1668 4133 Ad
1685 4066 1904 4136 Transaiiio·

475 4189 497 4234 n
521 4163 712 4236 enimcum
734 4161 883 4228 Domino
906 4155 1048 4266 desuper
1070 4154 1248 4228 ineundam
1272 4150 1391 4226 diserte
1416 4155 1620 4248 ablegantur.
1682 4163 1726 4232 Et
1750 4164 1902 4256 quamuis

475 4261 627 4334 treicium
643 4257 707 4327 illis
726 4253 819 4325 suum
838 4253 947 4349 quoad
973 4251 1182 4324 lubssootiom
1203 4253 1347 4346 relinqui
1370 4277 1541 4348 oporteat,
1564 4259 1653 4328 circo
1672 4260 1769 4352 quolc
1791 4283 1902 4330 tomen

475 4379 657 4455 quantum,
683 4355 731 4424 uti
747 4353 779 4423 dt
794 4354 882 4422 circa
903 4353 1031 4446 reliqua
1048 4351 1198 4445 ejusdem
1216 4374 1339 4420 annexa
1353 4350 1545 4446 amplior&
1563 4352 1746 4449 potillimus
1764 4357 1903 4426 Domini

476 4454 542 4528 eui
559 4454 720 4524 rcluenris
735 4446 920 4520 reformare
936 4451 1099 4542 cupientis
1122 4446 1262 4519 arbitrio
1281 4448 1373 4517 locus
1394 4445 1566 4522 manifeste
1580 4451 1784 4522 conceditur.
1833 4455 1902 4521 His

474 4579 506 4643 go
521 4551 720 4647 equiperari
740 4546 761 4617 si
782 4545 905 4618 fuerint
921 4539 1144 4618 Hodcfienses
1164 4542 1303 4622 subditi,
1326 4571 1392 4616 oon
1416 4546 1559 4619 multum
1574 4544 1775 4618 difficultatis
1790 4544 1905 4644 super·

474 4677 485 4734 e
502 4649 656 4740 viderur,
684 4648 764 4747 quio
778 4646 1019 4726 simultaneum
1033 4647 1133 4728 etiem
1148 4643 1289 4726 crudum
1301 4645 1484 4743 Religionis
1501 4643 1567 4722 soe
1581 4647 1617 4724 io
1633 4647 1767 4745 templis
1783 4670 1904 4817 eoquo·

1850 4766 1929 4818 ΕΗΓ
