4950 5567
605 642 650 717 30
981 603 1390 690 nrsssntnrro
1441 604 1692 683 nttnnn

718 794 827 858 sectari
847 812 913 858 non
932 794 1054 858 debeat.
1096 787 1201 872 Siquis
1219 786 1360 848 noudum
1383 784 1459 850 esset
1472 786 1658 869 Presbyter,
1684 785 1734 851 sed
1753 807 1783 851 e.
1799 805 1831 869 g.
1852 795 1976 851 tanturn
1996 787 2077 855 snb.

718 879 895 949 diaconus,
917 877 993 938 olim
1014 872 1138 955 quidem
1162 869 1379 934 remittebatur
1397 888 1469 932 curn
1492 869 1667 933 interstitiis
1687 870 1725 932 sd
1745 886 1881 950 quatuor
1903 874 1976 936 anni
1997 886 2080 938 tern-

719 979 817 1043 pnru,
837 971 873 1020 ut
887 958 1050 1037 colligitur
1065 975 1107 1016 ex
1124 971 1189 1015 can.
1202 970 1247 1014 ια.
1264 947 1332 1032 dist.
1343 949 1394 1031 76.
1410 953 1443 1012 in
1455 951 1514 1035 fin.
1558 950 1638 1025 Sed,
1663 970 1734 1014 curn
1746 951 1843 1014 bodie
1857 951 1960 1018 facilis
1974 953 2011 1015 fit
2026 974 2082 1018 or-

720 1043 842 1104 dinatio
862 1051 953 1102 extra
966 1051 1127 1119 tempora,
1151 1033 1290 1095 maxime
1311 1031 1520 1110 artbatorurn,
1548 1052 1614 1096 non
1631 1047 1758 1117 putens,
1781 1045 1948 1118 propterea
1965 1037 2083 1102 disserti

720 1124 803 1186 ultra
818 1132 883 1183 tres
897 1118 1015 1184 menses
1031 1115 1119 1201 polle
1134 1114 1413 1181 consecrationem.

648 1242 680 1280 ’'
698 1239 799 1320 quue
812 1259 853 1301 ex
868 1237 966 1299 crufis
983 1236 1136 1320 publicis,
1159 1232 1193 1296 dr
1211 1230 1419 1316 gravtffimis,
1438 1239 1514 1314 puts
1524 1273 1534 1307 ,
1554 1229 1578 1293 li
1593 1228 1784 1293 confirmato
1806 1230 1970 1294 imminere
1989 1232 2084 1315 poliit

725 1319 896 1403 probabilis
907 1319 1086 1393 necessitas,
1107 1318 1145 1379 ad
1160 1314 1392 1399 propagandam
1407 1312 1538 1376 domurn
1551 1311 1769 1384 Catholicarn,
1794 1311 1872 1375 eiius
1888 1316 2086 1397 extinguen-

722 1405 817 1474 dsrn,
839 1403 919 1463 aduc
937 1402 1071 1465 ducendi
1091 1418 1238 1462 uxorem.
1282 1396 1361 1460 Haec
1375 1394 1561 1476 dispensatio
1576 1405 1715 1457 vocetur
1732 1396 1769 1456 dr
1786 1413 1848 1468 narr
1869 1399 2086 1475 prorsamdo,

535 1529 539 1539 ·
635 1545 639 1554 ,
722 1484 894 1564 locumque
914 1485 1010 1547 etiarn
1027 1482 1122 1546 habet
1139 1484 1172 1544 in
1191 1477 1387 1544 beneficiatis
1407 1476 1618 1540 inferioribus.
1661 1475 1735 1542 Vid.
1751 1476 2020 1542 Antronndr‘ln
2036 1480 2085 1546 16.

725 1563 761 1646 §-
777 1584 807 1647 7.
832 1566 885 1629 ubi
900 1566 996 1638 dicit,
1017 1564 1098 1628 hanc
1118 1561 1376 1645 dispensationem
1394 1555 1679 1631 dari'difficillime,
1696 1556 1731 1620 dr
1749 1557 1873 1620 nonnili
1889 1561 2087 1625 rationabili·

725 1657 793 1718 ter,
819 1658 913 1728 atque
935 1648 974 1710 ad
997 1667 1135 1719 annum,
1159 1654 1197 1707 nt
1225 1643 1383 1706 deseratur
1403 1639 1590 1704 Tridentino
1622 1636 1701 1717 Sess.
1718 1660 1749 1722 7.
1771 1658 1835 1720 top.
1849 1658 1896 1704 12.
1916 1641 2085 1706 statuenti:

616 1783 618 1788 .
687 1741 692 1750 ·
725 1725 895 1793 Facultates
919 1730 955 1793 de
974 1750 1035 1792 nan
1055 1725 1280 1812 promsuendo,
1301 1731 1505 1808 preterquam
1526 1725 1560 1787 in
1576 1721 1688 1787 casias
1709 1739 1731 1786 a
1748 1720 1821 1805 jure
1838 1723 1996 1809 rxprrffrs,
2019 1744 2088 1790 ran·

725 1803 823 1892 rrffir,
849 1812 891 1875 ad
912 1830 1026 1875 annum
1047 1820 1166 1904 tantane
1176 1799 1404 1891 suffragentur.

616 2031 649 2098 3.
676 2004 887 2078 consecratio
901 2012 1145 2101 Metropolitani
1160 2008 1321 2103 pertinuit
1336 2004 1376 2076 ad
1397 2027 1495 2089 eum,
1528 2002 1569 2074 ad
1584 2026 1683 2100 quens
1699 2000 1767 2099 ipsa
1783 2005 1989 2092 confirmeris,
2005 2003 2090 2081 scili·

562 2149 565 2160 ·
663 2110 768 2173 ceted
782 2111 987 2176 immediatum
1006 2113 1207 2200 Superiorem,
1231 2106 1290 2199 qui
1305 2101 1351 2174 est
1366 2101 1751 2195 DamnusApastrlicrrrs'
1776 2105 1987 2197 Quintamen
2004 2105 2091 2176 rnul-

663 2203 707 2270 ris
724 2225 787 2297 pro
808 2201 1051 2298 longinquitate
1073 2202 1125 2273 vel
1147 2197 1339 2273 difficultate
1359 2202 1488 2271 itineris
1510 2197 1550 2269 ab
1571 2222 1613 2270 eo
1630 2196 1805 2268 onerosum
1828 2194 1894 2270 fuit
1917 2200 2088 2288 ordinari;

544 2345 547 2350 -
666 2304 743 2368 Cen.
763 2325 780 2382 3
787 2325 818 2385 3.
834 2303 963 2373 XXIV.
979 2325 999 2391 q
1035 2329 1063 2367 r.
1087 2300 1164 2370 ideo
1180 2300 1231 2371 vel
1248 2298 1512 2393 Metropolirsno
1532 2295 1615 2365 alius
1637 2297 1763 2384 uicinus
1779 2293 1996 2386 affignabatur
2011 2324 2092 2372 eon·

667 2389 828 2476 sectator,
855 2420 891 2466 ut
905 2394 1145 2468 Mediolanensi
1159 2392 1394 2490 Aquileiense,
1422 2394 1454 2465 dr
1477 2394 1548 2464 vice
1569 2387 1680 2464 versa:
1705 2395 1776 2463 ibid.
1796 2392 1865 2474 iel,
1908 2394 2003 2490 quod
2024 2392 2092 2470 fre·

691 2494 821 2563 uenrius
837 2492 991 2574 invaluit,
1019 2492 1324 2589 Comprovinciales
1341 2487 1506 2586 Episcopi.
1527 2496 1546 2534 ⁴¹
1583 2493 1724 2576 Donec,
1747 2489 1799 2560 his
1814 2493 2014 2586 preteritis,
2032 2514 2091 2568 aut

564 2649 568 2655 .
666 2513 879 2660 solummodo
893 2589 1170 2686 cooperantibus,
1201 2587 1458 2679 Metropolitani
1482 2587 1684 2657 diverterent
1707 2584 1749 2656 sd
1771 2585 1852 2658 elios
1875 2586 2092 2663 Consecratu-

668 2706 735 2758 res.
756 2686 794 2726 '⁸
841 2689 956 2761 Hodie
971 2684 1218 2767 consecrantur,
1246 2681 1349 2755 asolo
1371 2687 1415 2753 D.
1432 2685 1538 2780 Papa,
1552 2704 1627 2754 »aut
1651 2683 1720 2767 his,
1747 2686 1807 2780 qui
1829 2681 1952 2759 habent
1967 2692 2095 2761 neele

670 2800 735 2852 rem
748 2786 958 2875 Aprstulrrrrm.
984 2781 1033 2805 ”⁶

664 2925 786 2990 ‘Leo
803 2922 827 2986 l.
851 2923 929 3005 Papa
955 2926 1043 2991 relat.
1060 2927 1236 3009 incenso.
1261 2925 1394 3008 distd3.
1429 2925 1532 2989 Metro
1554 2929 1667 2990 olitana
1690 2924 1854 3010 desanffa,
1881 2947 1948 2991 rare
1973 2931 2007 2994 in
2034 2931 2096 2995 lara

737 3005 803 3090 ejas
819 3007 898 3066 aliut
911 3005 1011 3085 [sterit
1020 3005 1260 3090 subrogandus,
1283 3009 1496 3072 Provinciales
1509 2947 1655 3090 Eiriscopi
1674 3010 1715 3072 ad
1738 3011 1888 3072 civitatens
1904 3023 2000 3075 metro
2023 3015 2096 3077 alirn

737 3088 894 3149 rortvrnr're
913 3088 1073 3160 debebant,
1095 3101 1146 3162 ret,
1168 3094 1301 3153 omnium
1327 3093 1518 3162 clericorem,
1542 3101 1630 3170 atque
1653 3094 1763 3152 ciuium
1783 3093 1937 3154 uoluntate
1955 3033 2096 3176 diduffa,

710 3240 712 3243 Α
738 3186 779 3229 ex
797 3167 981 3264 presbyteris
997 3171 1129 3253 ejusdem
1152 3173 1288 3254 ecclesiae,
1311 3175 1357 3235 vel
1373 3173 1525 3243 distortis,
1554 3175 1686 3252 optimus
1709 3173 1878 3267 ordineturt
1928 3173 2097 3240 Consentit

737 3247 1262 3415 assisteretis
1281 3249 1968 3413 {tintinantinlitterati:
1985 3268 2099 3403 ,int

739 3413 991 3476 conuenientibus.
1041 3414 1134 3478 Cous.
1152 3415 1259 3480 ran.6.
1274 3415 1405 3560 dqfoq.
1426 3417 1459 3477 in
1479 3416 1553 3478 med.
1569 3435 1632 3477 tan.
1651 3435 1676 3479 s.
1703 3415 1768 3499 nisi.
1782 3417 1832 3478 66.
1857 3417 1890 3477 dr
1919 3420 1991 3498 Cap.
2006 3421 2038 3485 6.
2061 3423 2098 3485 dr

739 3492 983 3575 tempanordin.
1029 3495 1274 3560 Baunonsn

740 3591 831 3637 1101.
874 3575 1114 3640 Ananasno
1138 3577 1282 3642 blerensis
1308 3577 1525 3646 consecravit,
1558 3599 1622 3640 coo
1645 3579 1801 3640 enantibus
1826 3580 1841 3653 J
1852 3599 2000 3643 onsurae
2026 3581 2100 3666 Spi-

738 3654 836 3723 rensi,
858 3654 892 3717 dr
911 3656 1113 3721 thsrnno
1135 3657 1345 3734 Virdunenli,
1373 3657 1576 3743 presentibus
1641 3664 1818 3742 oguntino,
1847 3660 1881 3723 dt
1901 3661 2098 3733 Coloniensi.

744 3734 822 3821 Gefl.
844 3737 928 3801 Trev.
941 3737 1039 3805 Mart.
1060 3759 1135 3824 pag.
1152 3741 1221 3816 186.

668 3849 701 3886 ”
721 3849 828 3918 Nostri
840 3854 1042 3921 Trevirensea
1059 3877 1124 3920 uon
1137 3859 1286 3922 videntnr
1297 3854 1460 3939 agnovisse
1475 3854 1685 3919 necellitstenr
1698 3859 1898 3924 canonicam.
1918 3868 1955 3922 ut
1977 3866 2100 3941 primn-

742 3937 811 3996 rr'us
833 3936 1024 4017 Consecratur
1037 3960 1148 4003 eorum
1165 3940 1292 4022 praecise
1310 3937 1386 4002 esset
1403 3937 1576 4020 Episcopus
1588 3938 1736 4016 llletenfis.
1778 3940 1869 4003 Gesta
1884 3940 2100 4012 Trevirorum

742 4015 874 4080 lilarten.
895 4038 967 4100 pag.
984 4023 1052 4084 162.
1075 4033 1251 4084 memorant
1278 4022 1317 4082 de
1343 4019 1568 4092 Poenoue,
1605 4020 1690 4101 quod
1716 4041 1764 4084 an.
1782 4024 1870 4086 1016.
1894 4024 2100 4092 consecratus

743 4096 839 4160 suerit
857 4098 1000 4165 Treviris
1021 4104 1060 4166 ab
1076 4103 1253 4185 Episcopis,
1273 4105 1327 4184 qni
1340 4098 1428 4182 rausa
1443 4101 1538 4182 Regis
1556 4103 1759 4172 advenerant,
1782 4102 1816 4164 dt
1834 4103 1990 4170 subdunt:
2023 4111 2102 4174 cos·

735 4177 925 4261 serratorum
946 4194 1045 4246 antem
1064 4184 1130 4266 eju-s
1149 4192 1312 4247 sanuserat
1333 4181 1531 4244 Theodericus
1546 4181 1591 4243 Il.
1615 4182 1754 4266 Meienfis
1776 4182 1955 4267 Episcopus.
1999 4191 2101 4255 Anno

744 4273 835 4340 1078.
890 4262 1191 4339 Enrnnnnrus,
1224 4286 1242 4328 ι
1263 4261 1404 4327 Treviris
1427 4283 1485 4344 pro
1510 4262 1707 4325 schismatico
1728 4263 1919 4329 Henrieinno
1944 4273 2120 4353 repulsus,

744 4342 917 4410 conscerati
932 4347 959 4409 se
973 4347 1049 4410 lecit
1062 4369 1078 4408 a
1096 4346 1298 4429 Magantino,
1322 4345 1565 4427 cooperantibus
1578 4348 1737 4409 extraneis
1752 4347 1931 4430 Episcopis,
1953 4359 2103 4435 quoniam

746 4422 921 4507 confratres
934 4428 988 4520 sari
1012 4422 1214 4510 Strffragarur'
1240 4427 1373 4490 uidelicet
1395 4426 1528 4508 Erciefioe
1556 4426 1754 4510 Treuirenfis,
1791 4430 2103 4526 Hnntrsnrtrruq

744 4504 901 4591 Metenfis,
921 4511 960 4573 ss
974 4512 1083 4573 BIBO
1107 4509 1264 4589 liellerrfis,
1285 4508 1323 4572 ab
1338 4507 1487 4570 inuidiam
1499 4507 1614 4588 Regis,
1638 4509 1930 4594 Metropolitanr'sai
1945 4516 2105 4596 consecro·

742 4590 821 4652 troni
837 4591 972 4658 nolebant
987 4588 1267 4660 INTERESSE.
1308 4588 1353 4656 lb.
1370 4609 1399 4673 p.
1413 4608 1482 4674 179·
1502 4590 1736 4656 ARNOLWS
1751 4589 1793 4662 II·
1811 4612 1859 4661 ⁸¹¹·
1879 4598 2105 4677 124²·T50V5·

2058 4701 2105 4747 m

1331 3495 1518 3560 revirensem
1538 3499 1569 3559 in
1591 3495 1652 3578 ipsa
1679 3498 1810 3559 civitate
1831 3498 2021 3579 linguntins
2045 3523 2098 3567 sn.
