4950 5567
508 629 581 707 us
607 609 900 706 nonnosus
924 626 1313 710 uccnustssmcs
1338 629 1404 710 ns
1424 613 1729 716 suentense.
1756 640 1822 720 nc.
1857 665 1930 746 425
1992 657 2024 680 κ

476 812 652 885 tunitotum
673 812 801 880 labendi
825 807 997 903 ergasteria.
1048 815 1096 884 H.
1127 815 1176 907 8.)
1199 817 1263 911 Jus
1276 820 1432 888 exercendi
1446 842 1512 915 pro
1527 819 1613 905 suis,
1640 819 1832 894 &oliorum
1849 847 1934 919 quo·
1982 913 1985 918 Ι

476 932 658 1023 imcunque
680 905 790 982 ufibus
809 910 957 1026 artistic,
984 908 1165 1024 &qpifieim
1195 913 1563 1028 exceptislquibusdom
1586 920 1715 1012 espreffe
1737 921 1934 1017 prohibitis.
2068 977 2071 982 «

476 1009 770 1182 mq.i)&l}qlequerern
792 1011 936 1082 senorum
956 1007 1187 1084 omnimodam
1206 1035 1227 1083 e
1249 1017 1374 1086 clericas
1396 1023 1533 1109 emenii,
1558 1019 1607 1095 eis
1630 1015 1814 1106 vendendi,
1841 1018 1935 1097 lobo-

1116 1295 1118 1302 -
1230 1245 1412 1317 ooo-2.
1826 1195 2044 1342 §.11,'x

563 1421 786 1594 ἧμαροςζιέῖοζ
799 1423 890 1573 qq}
903 1425 975 1574 ligo
990 1424 1029 1572 p&
1037 1433 1117 1573 pqqp.
1127 1427 1265 1593 solih?
1284 1449 1374 1503 num.
1387 1449 1419 1516 γ.
1437 1430 1579 1518 Zypans
1596 1431 1770 1520 responsor.
1781 1407 1848 1510 J'ir.
1862 1453 1932 1503 cen.
2023 1421 2027 1428 ’

487 1629 530 1702 sl.
554 1627 608 1694 Est
621 1629 685 1692 hoc
696 1631 748 1711 jus
765 1630 881 1709 pariter
890 1627 1028 1703 clausum
1041 1630 1073 1693 in
1084 1627 1228 1712 Corpore
1237 1629 1321 1706 Juris
1333 1633 1353 1696 l.
1365 1651 1396 1696 2.
1413 1634 1444 1699 C.
1457 1634 1494 1698 de
1509 1631 1631 1720 Episs„
1644 1643 1682 1698 ut
1695 1634 1810 1717 poffint
1819 1652 1935 1701 omnes

562 1712 691 1787 Clerici,
711 1711 821 1794 absque
842 1713 945 1793 aliqua
963 1712 1157 1794 proflatione
1176 1715 1301 1795 publicu
1320 1718 1563 1798 negotiatoribus
1584 1719 1748 1802 inspofita,
1781 1737 1934 1782 exercere

560 1806 764 1859 mercaturam
776 1791 1094 1878 lroneflatirossciant‚
1118 1814 1224 1877 eoque
1242 1797 1306 1860 fine
1317 1798 1426 1863 habere
1437 1797 1503 1881 sna
1513 1800 1696 1883 ergasterio,
1717 1802 1763 1864 uel
1777 1801 1932 1872 tabernas.
2065 1807 2069 1812 '

562 1891 658 1958 etque
671 1879 701 1941 in
716 1877 765 1940 his
779 1877 852 1938 suos
872 1876 1040 1947 homines,
1065 1879 1181 1956 puriter
1197 1881 1374 1953 immunes,
1392 1886 1447 1964 qni
1459 1902 1583 1964 operans
1603 1885 1638 1944 in
1655 1884 1858 1945 mercimoniis
1873 1882 1934 1945 ha·

561 1961 640 2023 bent.
683 1961 763 2022 Haec
776 1969 960 2022 mercatore
973 1956 1099 2022 licentis
1114 1977 1180 2020 non
1201 1961 1265 2032 ests
1285 1972 1397 2025 contro
1417 1965 1656 2046 generalitatem
1676 1965 1785 2034 verbi,
1806 1962 1932 2026 restrin-

563 2042 666 2126 gendo
686 2043 879 2112 adelericus,
907 2043 953 2103 vel
975 2041 1146 2102 habitantes
1165 2061 1232 2106 cum
1254 2045 1347 2127 ipſse,
1371 2049 1452 2108 inter
1466 2045 1518 2126 se,
1538 2045 1588 2109 sed
1608 2045 1813 2128 intelligenda
1833 2045 1935 2129 quoad

561 2144 767 2208 quoscunque,
784 2125 866 2203 apud
878 2143 936 2184 eos
950 2142 1055 2186 emere
1075 2123 1245 2188 volentes:
1267 2128 1319 2190 cui
1337 2127 1424 2190 euim
1438 2127 1530 2190 datur
1544 2127 1725 2208 simpliciter
1741 2127 1793 2210 jus
1814 2146 1936 2190 mercs-

561 2219 661 2278 tnrae‚
685 2207 740 2270 ille
753 2225 825 2268 cum
840 2207 1081 2287 quibuscunque
1095 2209 1226 2269 mercori
1242 2207 1364 2289 potest,
1387 2211 1427 2272 ad
1441 2208 1471 2272 se
1489 2209 1730 2282 recedentibus,
1773 2210 1934 2280 raesertim‚

562 2309 636 2353 cum
650 2288 678 2351 d.
693 2289 714 2352 l.
730 2305 759 2353 o.
781 2287 913 2351 verbum
926 2305 993 2348 non
1013 2286 1108 2349 saciat
1129 2289 1169 2352 de
1191 2288 1314 2353 clericis
1335 2293 1422 2354 intra
1436 2294 1660 2356 immunitatem
1680 2231 1933 2355 cohabitantibus.

559 2371 773 2438 Solummodo
791 2369 992 2452 ergasterium
1007 2373 1229 2452 conponariurn
1243 2391 1309 2433 non
1332 2371 1460 2436 habebit
1482 2372 1639 2446 clericus,
1662 2374 1721 2448 suc,
1741 2383 1777 2436 ut
1795 2373 1857 2456 ipse
1870 2376 1932 2436 mi·

562 2455 672 2517 nistret
695 2454 727 2516 in
742 2473 794 2516 eo.
823 2455 896 2516 Can.
921 2472 952 2535 3.
973 2451 1040 2533 dist.
1068 2469 1119 2532 44.
1144 2451 1298 2516 Praeterea
1321 2455 1481 2536 perseo.
1502 2455 1527 2534 s.
1545 2473 1573 2517 1.
1598 2455 1633 2519 C.
1655 2455 1692 2518 de
1712 2454 1814 2520 buret.
1829 2455 1934 2535 potest

562 2537 698 2618 quilibet
715 2534 922 2598 orthodoxus
942 2536 1029 2596 intra
1042 2531 1137 2616 satra
1149 2529 1256 2616 septo,
1277 2535 1298 2598 i.
1321 2556 1350 2599 e.
1385 2533 1595 2598 Ecclefiarum
1622 2535 1855 2610 immunitates,
1877 2535 1936 2597 ba·

562 2617 631 2682 bere
648 2619 824 2703 ergasteria,
838 2616 1003 2698 negotiari,
1018 2611 1051 2676 dc
1064 2617 1113 2676 nti
1121 2617 1307 2704 privilegiis,
1321 2615 1373 2691 suc,
1382 2628 1419 2680 ut
1430 2625 1598 2700 propterea
1609 2618 1724 2680 nemini
1739 2620 1830 2680 alteri
1843 2618 1936 2698 quid·

562 2719 658 2784 quom
671 2701 743 2773 det,
765 2719 858 2780 quam
872 2698 1019 2781 Ecclefia,
1039 2693 1093 2758 sub
1106 2697 1197 2775 cujus
1212 2698 1416 2782 protestione
1433 2698 1628 2781 negotietur.
1671 2697 1748 2761 Non
1762 2697 1863 2761 solum
1883 2700 1936 2763 vi·

563 2784 676 2845 demus
701 2783 733 2845 in
754 2780 984 2843 transeuntibus
1005 2777 1153 2843 nundinis
1175 2781 1258 2843 intre
1284 2781 1500 2844 immunitates
1517 2780 1598 2861 erigi
1619 2779 1754 2844 mobiles
1774 2781 1935 2862 pergulas,

563 2864 616 2927 sed
632 2866 726 2928 etium
738 2864 827 2948 fixos
838 2881 872 2926 ac
887 2862 1084 2945 quotidianos
1097 2861 1175 2924 sture
1188 2862 1318 2927 diversis
1334 2865 1367 2927 in
1378 2864 1461 2928 locis
1476 2863 1637 2934 tuberone,
1656 2882 1684 2925 e.
1701 2881 1734 2943 g.
1748 2862 1781 2926 in
1795 2861 1935 2943 lllogun-

563 2949 632 3011 tino
646 2945 766 3027 mojore
779 2950 832 3012 bus
844 2945 1007 3022 fflrrrobtid,
1028 2943 1059 3004 in
1071 2940 1254 3008 Trevirenli
1266 2951 1313 3010 bct
1326 2944 1435 3014 &trin
1478 2945 1563 3020 Quin
1579 2941 1614 3005 δι
1631 2944 1662 3005 in
1680 2962 1744 3026 cap.
1760 2941 1811 3025 69.
1829 2944 1865 3005 de
1878 2962 1938 3026 op·
2027 3013 2030 3018 ,

561 3033 666 3114 pellat.
691 3030 827 3110 legimus
838 3025 929 3108 stolio
950 3025 1144 3102 carnificum,
1167 3026 1188 3088 i.
1204 3048 1232 3091 e.
1249 3027 1431 3100 lanionum,
1456 3035 1521 3090 tum
1536 3024 1703 3107 Episcopi,
1724 3043 1819 3106 quom
1833 3025 1939 3088 Dece·

564 3113 616 3178 ni.
643 3111 676 3173 dr
691 3109 828 3192 Capituli
849 3126 908 3190 pro
928 3105 1102 3170 vendendis
1124 3109 1290 3185 carnibus,
1320 3109 1397 3174 licet
1409 3107 1549 3194 ipsismet
1565 3126 1633 3170 non
1651 3107 1745 3171 liceat
1760 3125 1854 3192 ogere
1872 3127 1941 3170 ms·

565 3194 723 3260 cellarios.
755 3192 842 3255 Clem.
858 3209 886 3254 1.
902 3188 1005 3254 desit.
1021 3185 1060 3253 d?
1075 3189 1145 3255 lion.
2000 3187 2005 3196 '

488 3313 518 3386 Ι.
536 3311 679 3378 Clericos
693 3329 769 3393 opus
783 3325 929 3371 mannum
941 3304 1079 3371 hshuisse
1089 3310 1122 3370 in
1133 3308 1230 3390 agri-
1248 3301 1288 3370 δ’
1299 3305 1387 3366 uini·
1398 3305 1535 3378 tnltnra,
1552 3305 1839 3379 deuteronomos,
1861 3324 1942 3369 con·

568 3395 628 3458 stat
639 3415 683 3456 ex
697 3412 761 3475 cap.
777 3411 805 3455 1.
821 3392 858 3454 de
869 3392 968 3454 celebr.
982 3385 1097 3471 miffar.
1118 3390 1190 3471 Cap.
1204 3401 1235 3462 8.
1248 3387 1286 3450 de
1297 3387 1403 3450 tonia.
1415 3387 1504 3450 Nov.
1519 3406 1588 3468 123.
1604 3409 1671 3470 cop.
1689 3409 1736 3472 17.
1754 3390 1787 3451 in
1805 3388 1860 3453 lin.
1875 3387 1941 3451 Sed

568 3477 604 3540 ἂ
622 3494 687 3541 can.
704 3495 733 3556 3.
754 3472 792 3538 Es
803 3492 833 3551 4.
848 3473 915 3556 dist.
929 3491 981 3554 qr.
995 3470 1145 3551 jubentur
1161 3470 1286 3538 clerici,
1301 3470 1520 3551 quantamlibet
1530 3470 1626 3546 oeni,
1650 3471 1771 3536 vibium
1790 3491 1827 3532 sc
1842 3469 1944 3534 vesti·

568 3572 639 3623 tum
652 3557 707 3622 fibi
722 3558 882 3637 acquirere
893 3553 1056 3638 artificiolo
1068 3555 1187 3634 sliqno.
1230 3551 1323 3612 Adde
1338 3553 1472 3613 omnino
1483 3569 1548 3614 ron.
1565 3571 1617 3635 33.
1633 3554 1700 3638 diss.
1715 3571 1745 3635 5.
1760 3553 1797 3616 de
1813 3554 1864 3621 C..
1885 3552 1942 3634 qul

571 3663 615 3706 ex
632 3638 663 3704 S.
680 3639 868 3718 Hieronymo
886 3638 931 3700 est
947 3637 1086 3718 elegans.
1131 3635 1200 3698 Nec
1214 3633 1294 3695 tales
1313 3650 1355 3694 ex
1372 3636 1579 3714 negotiatione
1590 3636 1812 3704 lucrabuntur,
1835 3635 1885 3696 sed
1900 3653 1941 3696 ex

570 3721 721 3802 artificio.
744 3721 884 3783 liemsnt
898 3718 990 3780 rudes
1003 3720 1167 3790 meterius,
1189 3713 1391 3796 artificioque
1402 3717 1580 3779 immutent.
1620 3715 1737 3800 Gloffo,
1758 3715 1944 3799 quaesupro,

572 3806 627 3868 sub
642 3807 689 3869 lit.
702 3803 733 3867 l'.
750 3804 781 3867 in
794 3802 849 3866 fin.
888 3801 1011 3877 Quibus
1025 3811 1132 3862 autem
1146 3800 1262 3862 vivere
1279 3797 1355 3859 licet
1367 3818 1409 3861 ex
1429 3797 1583 3870 artificio,
1606 3801 1729 3862 illinon
1743 3801 1943 3880 adstringun-

573 3899 626 3952 tur
639 3887 677 3948 od
694 3885 826 3967 artifices
840 3884 916 3946 alios
929 3881 1123 3945 adhibendos
1138 3881 1174 3944 de
1191 3881 1372 3962 corporatis.
1415 3877 1568 3960 Equidem
1584 3880 1690 3945 clerici
1703 3901 1769 3944 non
1790 3889 1943 3946 exercent

574 3969 709 4052 emplius
730 3965 880 4037 artificia,
902 3981 938 4029 ut
956 3965 1053 4037 olim,
1075 3964 1126 4027 sed
1140 3984 1183 4026 ex
1200 3962 1266 4023 hoc
1286 3960 1404 4024 nemini
1413 3959 1468 4044 jus
1484 3959 1666 4044 probibendi
1680 3975 1788 4026 netum
1808 3962 1869 4036 est,
1890 3961 1946 4024 vel

575 4051 758 4134 quocsrtum3
778 4049 844 4111 imo
861 4065 941 4109 vero
955 4046 1056 4109 adhuc
1074 4047 1104 4109 in
1124 4043 1340 4112 monasteriis,
1365 4063 1403 4104 oc
1419 4043 1567 4125 collegiis
1584 4043 1654 4109 sont
1671 4045 1784 4108 fratres
1804 4042 1944 4123 religiosi
1983 4103 1988 4114 ,

575 4134 666 4202 laici,
689 4133 758 4215 qui,
782 4130 905 4192 adscitis
918 4149 1045 4211 quoque
1061 4128 1218 4192 sodalibus
1230 4145 1320 4187 non·
1333 4123 1507 4205 religioso,
1529 4142 1682 4192 exercent
1693 4127 1819 4210 opificio
1835 4126 1946 4188 domui

576 4213 760 4288 necessario,
787 4214 940 4276 sartorum
960 4213 1136 4294 praecipue,
1157 4231 1194 4272 sc
1215 4208 1377 4282 sutorum,
1398 4206 1571 4291 pistorum,
1592 4214 1772 4285 victorum,
1795 4209 1948 4273 braxato-

577 4317 665 4374 rum,
685 4295 933 4369 scriniariorum,
953 4294 1215 4378 bibliopegsrum.
1235 4289 1300 4354 &o
1336 4349 1339 4354 .

498 4416 542 4486 K.
565 4414 649 4480 Fluit
668 4414 748 4489 hoc,
770 4424 838 4476 turn
851 4435 894 4476 ex
908 4411 1019 4483 distis,
1042 4423 1110 4474 tom
1126 4431 1172 4474 ex
1184 4409 1255 4490 jure
1269 4407 1376 4472 civilis
1388 4409 1590 4486 commercii,
1614 4411 1700 4494 qnod
1713 4409 1831 4473 clerico
1852 4411 1950 4489 potu·
2038 4405 2041 4412 '

580 4501 646 4563 lum
666 4497 727 4561 est:
761 4495 835 4558 hinc
859 4496 1019 4576 prohiberi
1037 4495 1146 4576 nequit
1168 4493 1301 4573 uliquis.
1324 4501 1358 4566 1)
1372 4509 1437 4571 quo
1459 4495 1563 4557 minus
1581 4494 1683 4557 molat
1705 4493 1737 4554 in
1757 4491 1950 4554 molendinis

580 4580 829 4647 msrnschorum.
851 4587 907 4641 sut
922 4586 1039 4658 coquet
1057 4579 1089 4639 iu
1108 4574 1210 4638 furnis
1227 4593 1338 4635 eornm
1352 4593 1458 4652 penes.
1473 4592 1538 4657 cap.
1551 4593 1602 4658 25.
1618 4575 1655 4638 de
1670 4575 1774 4658 privil.
1797 4575 1883 4635 siem.
1895 4592 1950 4636 nn.

579 4665 617 4730 de
631 4658 734 4746 exreff.
745 4663 865 4744 pratos.
887 4661 937 4744 o.)
949 4660 998 4726 Ne
1034 4659 1176 4743 personis
1203 4655 1417 4722 ecclesiasticis
1435 4657 1574 4732 vendat,
1596 4664 1757 4722 autemst
1778 4656 1895 4802 sliqqqql
1914 4655 1954 4717 ab
1975 4727 1978 4732 ,

1826 4759 1850 4804 ss
1888 4757 1952 4808 ems
