4950 5567
351 1573 358 1582 ·
496 1547 572 1616 tas?
610 1541 750 1613 Domini
773 1535 896 1610 scilicet
915 1533 1134 1607 territoriales
1148 1533 1337 1606 Acatholici
1352 1536 1478 1609 nullam
1494 1540 1527 1610 in

404 521 411 528 .
493 614 566 690 μ,
944 536 1526 708 nrssnnrnrio

491 762 693 866 Episcopale
711 756 825 833 saltem
845 757 1003 844 astinem,
1028 754 1169 854 reliquis
1191 752 1347 828 omnibus
1385 761 1422 832 in
1458 757 1520 832 luo
1556 758 1680 853 vigore
1711 755 1855 836 relidit.
1908 774 1914 826 ⁴

494 865 614 938 tholici
652 860 776 934 scilicet
807 858 980 956 Principes
1018 856 1094 927 laici
1130 849 1409 951 Juritdillioncm
1436 853 1693 932 Ecclehasticam
1728 861 1914 935 exercendo

475 958 748 1038 ·Protelltntes,
789 979 857 1029 non
902 972 1060 1028 exercent
1098 947 1375 1049 Jurisditlionem
1427 952 1678 1053 Episcopatum
1720 959 1914 1034 catholicos

493 1082 597 1158 quam
621 1080 689 1128 non
711 1051 949 1150 pretendunt,
979 1074 1059 1124 cum
1081 1049 1118 1120 in
1143 1043 1293 1120 miffione
1316 1048 1459 1135 Christi,
1492 1076 1566 1149 quae
1590 1057 1626 1124 in
1654 1054 1809 1129 Ecclelia
1831 1058 1914 1131 cath

494 1181 534 1230 ct
554 1151 838 1252 deprehenditur,
859 1145 1037 1229 fundetur,
1060 1168 1162 1242 atque
1183 1141 1367 1230 stabilitur,
1391 1173 1453 1221 nec
1472 1153 1573 1222 etiam
1595 1175 1755 1244 exercent
1768 1153 1914 1251 Jurisdii

382 1300 384 1306 ·
493 1277 573 1328 nem
594 1244 850 1324 Eccleliallicam
875 1242 1131 1318 Protestantium
1153 1238 1432 1329 mittentium,
1460 1251 1539 1343 quia
1561 1251 1675 1320 omnia
1703 1274 1832 1323 eorum
1853 1277 1914 1346 neg

491 1344 714 1423 Eccleliallica
739 1369 802 1441 per
827 1343 978 1441 ejusdem
1002 1339 1176 1432 religionis
1206 1335 1375 1413 consortes
1403 1345 1635 1439 expediuntur.
1696 1346 1770 1420 Sed
1799 1347 1914 1423 videta

494 1471 539 1522 sn
559 1449 626 1519 non
642 1456 757 1515 mutua
769 1442 845 1530 illa,
870 1436 1049 1535 exallaque
1067 1439 1156 1508 inter
1168 1459 1348 1534 utramque
1361 1440 1535 1534 religionis
1544 1464 1683 1610 pprdtcm
1699 1443 1915 1614 ladapupcqt

1560 1564 1580 1611 u
1627 1561 1694 1611 ttos
1743 1565 1782 1613 at
1808 1568 1832 1614 ο
1845 1569 1914 1617 tcot

493 1637 725 1714 risdiliioncm
740 1629 994 1708 Ecclefiasticam
1018 1627 1188 1714 ambiunt,
1213 1630 1247 1702 dr
1261 1615 1427 1706 Citholici
1439 1632 1561 1718 lictus,
1582 1631 1640 1708 etii
1652 1661 1784 1711 annum
1798 1665 1915 1713 notun

394 1755 400 1765 '
493 1761 560 1835 pro
583 1734 616 1810 se
636 1760 704 1808 non
724 1730 886 1811 habeant,
910 1753 983 1803 cam
998 1730 1121 1801 acriter
1133 1725 1218 1804 adeo
1232 1751 1372 1821 urgent,
1393 1754 1495 1827 atque
1510 1730 1714 1817 dehderant‚
1740 1759 1915 1836 veromqt

458 1914 460 1918 ¹
494 1829 597 1906 crall'a
618 1836 795 1926 utriusque
817 1833 866 1902 rei
882 1823 1092 1923 disparitas?¹
1106 1848 1217 1896 nonne
1233 1829 1323 1896 enim
1338 1829 1684 1902 Romano-Catholici
1698 1833 1915 1929 Jurisdifliot

495 1928 754 2005 Ecclesiasticam
778 1930 812 1998 in
828 1929 919 1997 Divo
939 1928 1057 2006 Petro,
1081 1919 1221 2017 ejusque
1235 1920 1479 1996 Succelloribus
1501 1928 1658 1998 continue
1680 1926 1770 2003 letie
1792 1929 1913 2024 agnose

496 2030 558 2126 qui
574 2049 643 2109 tot,
668 2027 767 2099 &rot
782 2019 1033 2123 Jurisditlionis
1052 2040 1183 2115 partes,
1208 2020 1243 2088 in
1259 2021 1466 2093 Pattitrchas
1481 2020 1683 2121 respetlive,
1708 2028 1915 2128 Archi-Epi

491 2149 581 2223 pos,
615 2119 734 2219 Episco
761 2143 817 2200 os.
850 2117 996 2190 Abbates
1017 2117 1283 2196 communicant,
1315 2115 1438 2189 laicum
1461 2143 1558 2201 vero,
1592 2123 1749 2218 quisquis
1771 2124 1832 2197 ille
1853 2123 1910 2208 lit,

496 2224 591 2294 omni
604 2145 856 2318 Jurisdiilionis
871 2208 1097 2287 Eccletitssicae
1111 2234 1191 2286 vere
1204 2212 1279 2285 talis
1294 2218 1451 2288 exercitio
1467 2239 1598 2298 arcent,
1619 2219 1701 2314 quid
1716 2220 1830 2312 igitur
1840 2229 1915 2295 Aen

495 2316 553 2390 lici
571 2317 743 2410 Principes
758 2311 848 2385 aliud
863 2306 974 2386 facere
986 2303 1136 2479 poliunt,
1162 2333 1283 2403 quam,
1309 2332 1349 2383 ut
1366 2308 1513 2386 subditos
1526 2311 1602 2386 suos
1616 2316 1815 2389 catholicos
1830 2343 1891 2402 eo,
1912 2353 1916 2382 .

497 2410 626 2488 ditium
646 2411 760 2493 modo,
784 2410 971 2506 gubernent
1000 2430 1060 2478 ene
1075 2409 1133 2504 qui
1147 2410 1299 2489 Turcaa,
1322 2409 1475 2505 Judeos,
1497 2409 1714 2510 anabaptistae
1732 2415 1916 2491 toleraret

497 2536 557 2587 eos
572 2508 752 2585 secundum
767 2497 932 2675 principia
952 2504 1126 2598 religionis
1142 2501 1206 2575 sure
1223 2501 1363 2584 toleret,
1388 2502 1513 2579 necess'c
1525 2506 1572 2580 eii
1589 2511 1669 2579 alias
1683 2514 1779 2585 enim
1796 2516 1916 2585 tolerat

496 2634 565 2683 non
579 2608 716 2689 tolerat,
740 2607 811 2678 imo
825 2630 861 2676 ca
877 2627 917 2683 u,
940 2627 1009 2700 quo
1027 2601 1061 2673 dt
1080 2598 1140 2696 ipsi
1156 2598 1323 2672 Catholici
1338 2604 1486 2699 Principi
1508 2603 1594 2677 laico
1612 2603 1678 2678 sese
1698 2610 1736 2678 in
1753 2608 1860 2683 ctufis
1872 2615 1916 2684 Ec

495 2703 628 2782 hosticis
649 2701 811 2800 subjicere
832 2700 973 2782 vellent,
995 2698 1060 2770 hoc
1080 2697 1154 2793 iplo
1166 2696 1310 2794 amplius
1324 2699 1671 2776 Romano-Catholici
1689 2729 1760 2777 non
1780 2701 1903 2781 forem.

479 2801 685 2882 ¹contrario,
708 2797 765 2870 ubi
783 2798 855 2871 talis
870 2818 1017 2891 unquam
1034 2792 1236 2864 Hierarchia
1255 2792 1476 2867 Eccleliastica
1490 2822 1530 2871 cr
1547 2820 1642 2895 perte
1656 2801 1913 2877 Protcstamium

478 2909 482 2918 '
523 2902 655 2973 eritur?
679 2898 760 2991 quid
777 2891 1008 2989 impedimenti
1024 2890 1141 2989 adduci
1156 2887 1293 2986 potest?
1318 2893 1916 2991 quominusJurisditlioEcclciiaffic

480 2927 646 3072 'lubricos
661 2989 881 3063 Ptotcllantcs
896 2995 1098 3069 exerceatur,
1115 3011 1191 3058 cum
1230 2989 1308 3060 eires
1324 2989 1401 3059 illos
1412 3014 1451 3060 cr
1462 2992 1577 3083 regula
1592 2997 1875 3093 territorialiquae
1887 3024 1916 3071 cc

493 3097 607 3168 munis
627 3086 672 3160 ell
695 3084 976 3159 &Catholicisdt
1009 3011 1288 3164 Proteliantilus,
1313 3083 1503 3169 derivetur;
1528 3089 1696 3162 Catholici
1710 3094 1784 3164 imo
1806 3096 1868 3167 hac
1886 3098 1916 3166 in

494 3187 719 3285 equalitatem
734 3187 842 3256 adhuc
855 3186 960 3271 magis
974 3180 1166 3264 observant,
1190 3206 1267 3253 cunt
1283 3181 1544 3254 Proteslantihus
1557 3185 1770 3283 principibus
1786 3192 1876 3263 idem
1889 3192 1917 3289 ju

495 3291 585 3362 circa
605 3310 659 3355 res
673 3280 746 3352 suas
758 3277 994 3352 Eccleliassicas
1015 3279 1181 3359 tribuant,
1206 3278 1297 3372 quod
1322 3278 1386 3349 suis
1402 3283 1559 3351 Dominis
1573 3286 1839 3359 territorialibus
1852 3290 1917 3361 Cati

480 3386 571 3460 ¹licis
585 3381 787 3459 concedunt,
813 3376 1043 3448 &concedere
1059 3371 1189 3471 poliunt
1205 3374 1295 3445 idem
1310 3373 1434 3448 scilicet
1444 3377 1499 3471 jus
1513 3379 1599 3449 circa
1611 3380 1718 3461 lucra,
1746 3386 1842 3482 quod
1857 3386 1917 3480 injr

523 3479 742 3564 romononis‚
770 3467 1008 3571 protelllonis,
1033 3470 1479 3570 atquecautionisconfistir,
1504 3475 1592 3547 idem
1611 3480 1749 3571 inquam
1764 3484 1917 3582 principit

494 3508 742 3654 lrotessanticis
761 3569 917 3643 advcrlus
939 3565 1086 3642 subditos
1102 3567 1294 3639 Catholicos
1310 3573 1527 3667 permittunt,
1548 3597 1610 3643 cur
1631 3599 1712 3668 ergo
1727 3577 1779 3648 illi
1803 3581 1860 3663 id,
1883 3607 1917 3679 qn

477 3675 479 3680 ’
495 3699 608 3752 tamen
624 3671 718 3742 saltis
734 3666 797 3741 sue
814 3666 987 3757 religionis
1008 3668 1181 3762 principiis
1206 3666 1286 3736 darc
1307 3664 1455 3761 poliunt,
1481 3671 1661 3741 Catholicis
1673 3675 1917 3767 denegabunt[

495 3777 598 3849 minis
623 3763 907 3839 territorialibus?
936 3759 1081 3859 denique
1106 3763 1196 3856 quod
1220 3769 1295 3833 Art.
1319 3767 1407 3833 Xlll.
1431 3772 1461 3854 §.
1487 3777 1519 3845 8.
1546 3765 1642 3837 vcrlu
1662 3794 1699 3839 ne
1721 3778 1820 3842 eriam
1846 3783 1917 3846 ruri(

494 3868 715 3966 Episcopatus
732 3858 990 3952 Olnabrugenlis
1006 3859 1198 3956 dispositum
1214 3856 1273 3940 cll,
1305 3864 1469 3932 rationem
1489 3863 1587 3957 plane
1613 3863 1712 3935 habet
1726 3873 1917 3961 particulari

471 4057 477 4066 .
494 3991 586 4047 mam
601 3974 640 4057 n)
657 3988 699 4034 ne
714 3958 837 4034 scilicet
854 3962 1030 4054 utriusque
1043 3957 1224 4051 religiones
1237 3954 1406 4029 consortes
1419 3962 1454 4028 in
1469 3962 1627 4033 continua
1639 3962 1918 4042 illaCatholicoru

536 4196 581 4278 ii)
599 4185 793 4256 confidenti
812 4186 929 4253 etenim
942 4184 1050 4257 debet,
1075 4182 1161 4268 qnod
1177 4184 1208 4250 in
1221 4182 1412 4270 Episcopum
1426 4186 1672 4274 osnabrugenfi,
1692 4203 1846 4280 tanquam
1861 4203 1918 4264 int

609 4275 724 4338 ritotio
736 4268 906 4334 Catholici)
919 4268 1135 4333 Eccleliasticn
1150 4270 1297 4351 permulti
1311 4274 1424 4350 reperti
1439 4273 1554 4335 fuerint
1570 4276 1666 4338 statos
1683 4280 1833 4346 mediati.
1856 4283 1918 4344 &si

607 4357 683 4425 diti,
702 4373 773 4415 cum
787 4371 872 4415 nunc
886 4353 1053 4414 „lternatio
1067 4363 1215 4432 perpetua
1229 4351 1387 4416 Catholici
1403 4353 1548 4438 Episcopi
1567 4356 1600 4419 dt
1617 4356 1823 4425 Protcllantis
1841 4364 1918 4427 stabii

608 4437 720 4502 suerit.
735 4435 1035 4522 determinatietiam
1045 4436 1170 4504 debuit,
1183 4435 1257 4513 quid
1266 4477 1275 4506 ,
1289 4433 1480 4515 &putantum
1491 4441 1596 4517 quivis
1604 4442 1916 4513 rationeJurimtctto

469 4559 471 4564 .
605 4515 829 4583 Eccleliasticae
839 4517 870 4577 in
884 4514 1022 4577 subditos
1033 4513 1165 4577 diverse:
1180 4519 1343 4592 religionis
1357 4536 1508 4580 exercerc
1522 4520 1653 4590 habens
1673 4535 1710 4583 ut
1725 4529 1876 4590 omnibus
1887 4531 1914 4590 dl

514 4611 520 4624 ·
592 4603 678 4668 ¹(liis,
688 4599 897 4677 'motibusque
906 4596 1101 4670 obviaretur,
1118 4615 1190 4679 qnae
1203 4598 1310 4678 itaque
1326 4598 1487 4696 dispniitio
1502 4601 1539 4660 ad
1557 4602 1729 4665 Dominum
1743 4612 1914 4674 territoria}

524 4725 531 4742 ,
604 4681 740 4756 hicum,
759 4679 960 4746 cantatione
972 4677 1110 4763 objecti,
1130 4698 1222 4765 quern
1235 4677 1478 4765 fingulsrttatir,
1495 4683 1678 4767 neutiquam
1690 4685 1919 4779 allegaripotel
