4950 5567
487 441 506 484 ‹

544 715 549 726 .
621 593 697 672 oa
720 591 1016 696 rncrouuu
1040 593 1237 674 urruns.
1264 593 1323 674 tu
1347 529 1595 677 couniunt.
1620 543 1789 718 courir.
1806 603 1873 679 ac.
1933 631 1999 708 tu

506 777 691 858 arabione
707 801 869 850 novarum
885 779 1107 854 Ecclcfiarum
1133 777 1390 854 ncceffariorum
1416 807 1456 856 ex
1480 785 1599 856 aerario
1621 783 1758 880 publico
1778 785 1810 858 dc
1827 790 2000 862 cummuni

510 883 658 956 Sttmum
683 877 945 950 Prouincialium
970 878 1169 974 augustanae
1195 876 1419 953 Confellionis
1444 883 1761 956 coadminillrationi
1788 887 1998 982 aliquatenus
2063 903 2066 912 '

509 977 650 1076 lubjeflo
671 999 729 1050 aut
753 974 945 1061 commillo,
971 977 1310 1070 subministrationem
1329 983 1364 1050 iu
1385 975 1538 1054 favorem
1554 984 1711 1054 Exercitii
1733 985 1856 1074 publici
1875 985 2002 1057 Catho-

513 1077 574 1152 liee
590 1078 796 1169 Religionis,
822 1078 907 1148 citra
934 1101 1071 1150 ornnem
1097 1080 1166 1150 vim
1190 1079 1224 1150 dc
1241 1077 1435 1152 violentiam
1457 1077 1516 1152 sub
1533 1085 1626 1152 XlV.
1645 1081 1678 1150 dc
1694 1083 1788 1164 XVI.
1805 1079 2003 1178 Septembr·'

515 1176 656 1274 ejusdem
683 1176 760 1247 anni
783 1199 963 1271 promptos
992 1173 1023 1247 se
1048 1200 1253 1274 paratosque
1278 1173 1452 1252 offerrent.
1517 1175 1694 1274 Quidquid
1721 1181 1858 1250 demum
1884 1179 2000 1277 polleo
2077 1183 2080 1196 '

512 1271 615 1350 rursus
634 1300 702 1346 non
724 1294 791 1344 tam
806 1271 932 1368 justitia
950 1271 1071 1357 cause,
1099 1300 1201 1372 quam
1217 1277 1405 1348 vicinorum
1425 1281 1574 1374 potentia
1595 1273 1754 1358 fretis&
1776 1277 1816 1348 ab
1838 1279 1999 1374 inquietis

512 1373 694 1448 bominibus
710 1373 866 1443 concitati
884 1371 994 1445 denuo
1011 1397 1127 1445 contra
1141 1376 1319 1470 propriam
1336 1373 1595 1448 declarationem
1611 1373 1710 1468 semel
1722 1377 1869 1472 Principi
1886 1379 2000 1448 datam
2110 1409 2113 1414 ·

512 1497 658 1572 unquam
675 1495 693 1540 a
709 1462 740 1541 le
756 1467 833 1566 ipsis
851 1469 972 1551 alicui,
1001 1471 1034 1542 dc
1053 1495 1119 1543 tarn
1138 1469 1217 1543 lidei
1234 1472 1338 1558 datae,
1364 1499 1466 1570 quam
1488 1471 1708 1546 conviclionis
1731 1473 1795 1544 sua
1819 1477 2000 1546 anterioris

462 1563 472 1622 l
510 1573 718 1646 immemores
738 1569 771 1638 in
795 1565 1019 1642 occasionibus
1037 1567 1239 1666 quibusdam
1258 1569 1316 1642 libi
1340 1575 1446 1664 magis
1478 1575 1638 1669 propitiis
1661 1597 1808 1667 unquam
1833 1593 2001 1646 attentare

462 1625 473 1746 i
507 1667 561 1742 cult
581 1665 722 1740 fuerint.
783 1669 850 1736 His
874 1668 978 1759 igitur
1004 1670 1156 1768 attentis,
1183 1669 1266 1766 quid
1287 1670 1411 1742 virium
1436 1693 1493 1742 aut
1512 1670 1648 1741 roboris
1672 1674 1707 1742 in
1729 1672 2000 1767 prememoratis

462 1765 467 1830 ῗ
505 1768 621 1843 Circuli
640 1765 789 1838 Snxonici
806 1763 927 1836 litteris
953 1769 1074 1863 reponi
1097 1791 1184 1838 nunc
1210 1762 1366 1842 adversus
1383 1767 1577 1846 catholicos
1600 1765 1722 1868 poffit,
1753 1770 1877 1870 cuique
1897 1791 1998 1870 aequo

462 1859 469 2010 ξ
505 1891 609 1946 cuum
626 1861 819 1939 aestimatori
837 1862 1088 1980 dijudicandum
1103 1865 1276 1964 relinquo.

1129 2107 1165 2190 ς.
1214 2100 1373 2179 XLVI.

606 2233 901 2332 Praetereaplurea
923 2258 1060 2334 quoque
1082 2235 1251 2332 ejusmodi
1274 2234 1554 2312 contradilliones
1577 2237 1731 2340 reperire
1755 2235 1824 2324 est,
1850 2257 1925 2336 quae
1939 2226 2125 2334 talnpaelf

498 2349 587 2418 men,
615 2331 640 2405 st
657 2331 748 2405 telle
766 2331 1011 2418 discutiantur,
1025 2339 1116 2407 noni
1145 2334 1216 2408 sum
1229 2337 1472 2410 Simultaneum
1490 2341 1662 2411 innoxium
1685 2343 1903 2436 impugnant,
1928 2333 1984 2408 sed
2000 2317 2125 2416 ⁰Pl²st¹¹

497 2429 599 2506 solum
614 2432 757 2503 crudum
772 2431 836 2504 sive
849 2431 989 2506 craffum
1004 2435 1049 2504 lta
1068 2361 1215 2516 dicium,
1241 2461 1280 2507 ex
1305 2436 1435 2507 ratione
1452 2437 1613 2533 pradicla
1635 2436 1775 2534 sapius,
1801 2459 1903 2534 atque
1926 2433 1983 2504 ali·
1998 2397 2125 2544 alm

497 2529 629 2628 quando
646 2526 894 2603 fundatioribus
910 2532 1075 2627 ejusmodi
1092 2531 1357 2626 gravaminibus,
1384 2533 1580 2628 &querelis
1604 2533 1799 2607 obnoxium.
1874 2527 1986 2604 nut‘sr
1999 2561 2125 2628 ἅπτῃ,

496 2629 668 2704 innoxium
682 2643 818 2725 quoque
838 2633 1023 2724 attingant,
1050 2656 1116 2703 non
1139 2634 1147 2700 i
1177 2629 1245 2704 sam
1270 2653 1382 2702 tamen
1407 2629 1558 2726 ejusdem
1587 2628 1818 2714 substantiam,
1841 2627 1898 2703 sed
1914 2653 2067 2720 motas,
2081 2645 2125 2710 sul

479 2725 570 2800 -dum
586 2727 750 2799 duntaxat
767 2727 800 2799 dc
815 2727 1073 2801 circumstantias
1091 2753 1136 2826 po
1164 2725 1275 2802 ellioui
1290 2726 1500 2801 subditorum
1517 2727 1668 2802 adversas
1692 2727 1887 2824 respiciunt.
1940 2729 1984 2798 Et
1997 2728 2119 2800 stantia.

500 2827 647 3000 fficio
669 2817 870 2924 quandoque
894 2828 1054 2900 Mandata
1070 2832 1101 2900 S.
1121 2833 1185 2912 C.‚
1216 2851 1274 2900 aut
1293 2826 1356 2899 alia
1378 2829 1545 2918 ejusmodi
1567 2828 1701 2901 decreta
1719 2827 1792 2898 illas
1813 2823 1983 2898 subsecuta
1996 2813 2116 2874 ¹²¹⁰dl¹⁸

569 2926 643 3010 ἐκ,
669 2927 716 2997 ita
727 2947 838 2998 tamen
853 2930 861 2996 i
866 2923 923 3023 psa
938 2926 994 2997 illa
1010 2927 1224 3023 querelarum
1244 2929 1364 3021 Capita
1379 2928 1467 2998 iuter
1488 2923 1522 2998 se
1542 2929 1708 3023 permixta
1724 2922 1838 3008 fuere,
1856 2945 1895 2996 ut
1917 2947 1983 3022 pro
1997 2893 2125 2978 s‘l‘m

495 3047 556 3097 ono
573 3023 726 3120 quodam
743 3024 964 3097 determinato
980 3048 1214 3117 argumentum
1228 3023 1306 3096 inde
1320 3046 1449 3097 certum
1465 3049 1502 3096 ac
1525 3021 1662 3097 firmum
1681 3025 1811 3097 hauriri
1826 3043 1984 3119 nequeat.
1996 2987 2060 3046 ω’·

495 3125 556 3196 lus
571 3147 667 3194 cmm
682 3119 834 3194 solertius
851 3121 1056 3219 perlustratis
1072 3121 1333 3195 circumstantias
1350 3121 1431 3194 tales
1449 3117 1546 3195 facile
1555 3127 1620 3196 erit
1634 3122 1900 3220 deprehendere,
1909 3145 1987 3216 quae

494 3222 652 3294 violatam
668 3220 792 3292 realem
809 3219 992 3293 eorundem
1006 3219 1234 3318 polleffionem
1256 3225 1290 3293 in
1311 3233 1412 3293 Auno
1430 3222 1591 3292 Narmali
1612 3222 1724 3316 quoad
1743 3216 1986 3300 Ecclesiastico,

497 3315 557 3392 bre
575 3319 691 3417 quoad
706 3323 900 3392 exercitium
917 3342 973 3391 aut
989 3321 1059 3416 ejus
1074 3345 1198 3393 annexa
1214 3319 1380 3402 habitam,
1406 3321 1459 3392 vel
1485 3319 1596 3418 quoad
1622 3321 1760 3394 Politica
1779 3316 1985 3416 exipsorum

497 3414 608 3491 saltem
625 3419 818 3504 narratione
835 3413 1071 3512 praeseferunt,
1094 3439 1132 3491 ut
1145 3419 1224 3490 talia
1238 3418 1393 3489 mandata
1407 3417 1586 3492 secundum
1602 3419 1734 3517 Stylum
1754 3424 1904 3491 Camenae
1916 3420 1985 3488 Im·

495 3516 651 3614 perialis,
677 3539 733 3588 aut
755 3521 972 3588 Summarum
993 3521 1135 3613 Imperii
1158 3514 1421 3590 Dicallcriorum
1441 3544 1508 3590 non
1531 3525 1706 3616 potuerint
1727 3543 1794 3590 non
1809 3539 1984 3600 emanare,

496 3615 568 3688 nii
598 3611 671 3686 sum
688 3613 983 3686 illudutanduun
999 3618 1031 3686 in
1048 3613 1174 3712 pundo
1190 3613 1507 3709 ocaoorbcbcuocu
1533 3635 1639 3697 ucucu
1664 3611 1986 3712 Quacucufficues

498 3729 530 3806 tu
614 3707 723 3806 cssfclb
739 3712 773 3790 iu
798 3710 949 3802 &abac
972 3709 1290 3810 {alloesbrituilcbec
1308 3703 1599 3800 laubt⁵<3tclubc
1624 3712 1824 3809 Augustanae
1848 3707 1987 3786 confes·

499 3807 592 3882 fionis
608 3833 726 3882 contra
741 3808 957 3905 „Dilbcsbcim
971 3813 1042 3891 uub
1057 3809 1248 3907 Quusnrtan
1269 3811 1311 3882 de
1334 3819 1435 3883 Anno
1454 3817 1701 3897 ntoexcvl„
1717 3814 1874 3910 plurimis
1893 3811 1985 3906 ejus·
2041 3904 2044 3908 Ι

500 3906 586 3982 modi
601 3905 856 3998 circumstantiis
873 3911 1048 4002 gravidum
1063 3959 1073 3992 ‚
1098 3910 1253 4006 exemplo
1267 3905 1330 3983 else
1342 3911 1483 4007 poterit.
1557 3920 1673 4008 Atque
1688 3911 1759 4010 ipsa
1771 3914 1895 4010 pravis
1908 3933 1985 3980 nac·

500 4007 581 4080 ratio
597 4029 656 4078 aut
672 4004 871 4105 supplicatio
886 4003 961 4080 satis
979 4006 1144 4091 olleudit,
1169 4008 1253 4104 quid
1269 4013 1473 4106 supremum
1493 4012 1634 4106 Imperii
1647 4007 1870 4083 Dicasterium
1887 4003 1983 4102 adid
2081 4035 2093 4042 ·

499 4101 742 4180 decernendum
758 4109 983 4204 permoverit,
1008 4129 1086 4179 cum
1103 4101 1247 4179 fundum
1269 4131 1362 4180 nnvae
1380 4107 1526 4200 Capellae
1542 4106 1740 4182 destinatum
1761 4112 1795 4180 in
1815 4105 1981 4179 Dominio

498 4205 628 4300 privato
646 4203 905 4301 &proprietate
927 4205 1029 4276 totius
1051 4207 1310 4278 communitatis
1327 4207 1406 4302 pagi
1422 4200 1586 4279 Wellfeld
1606 4204 1720 4288 fuille,
1745 4231 1813 4284 non
1838 4201 1980 4276 obscure

498 4298 706 4375 enarralsent.
759 4307 863 4374 Hunc
887 4305 977 4374 enim
1002 4326 1078 4376 cum
1100 4302 1208 4375 cedia
1231 4302 1369 4374 subditis
1384 4301 1584 4395 Augustanae
1607 4303 1813 4378 Confcffioni
1837 4295 1978 4372 addiblis

497 4401 654 4498 Princeps
682 4424 744 4494 per
768 4401 881 4473 Perill.
895 4403 1080 4472 Dominum
1108 4420 1159 4471 Da
1186 4405 1388 4472 Botssut,
1415 4401 1564 4474 Ecclesia·
1595 4403 1804 4477 Cathcdralis
1834 4397 1979 4471 Canoni-

497 4521 571 4570 cum
601 4493 765 4595 petiilset,
790 4523 991 4574 nec-tamen
1016 4493 1224 4588 obtinuillet3
1251 4495 1453 4574 inaedificare
1477 4501 1650 4598 Capellam
1674 4503 1788 4578 invitis
1812 4497 1879 4568 illis
1901 4516 1979 4592 pcc·

495 4617 592 4670 fem·

1330 4730 1385 4796 Rr
1411 4751 1431 4797 2
1890 4719 1977 4808 (ascl.
