4950 5567
507 653 576 745 138
791 626 1206 736 {Dlssettrn‘rlo
1256 629 1681 713 lNAUGURALlS

505 789 622 916 negari
636 813 727 918 pod'e
742 815 818 894 solis
835 817 972 899 incolis,
995 802 1192 915 praesertim
1206 800 1242 888 ilt
1256 814 1297 888 iis
1316 811 1478 914 opificum
1498 812 1672 926 tribubus,
1694 818 1730 891 in
1753 814 1880 918 quihus
1899 844 1988 898 runo

502 918 649 996 normali
662 920 827 993 Catholici
844 917 928 989 nulli
947 912 1086 990 fuerint.

619 1116 717 1186 Haec
740 1114 853 1185 omnia
874 1136 940 1185 non
960 1111 1135 1196 evincunt,
1163 1109 1256 1209 quod
1281 1112 1522 1184 Pharaeos
1546 1108 1707 1192 intendit,
1734 1108 1772 1183 id
1795 1115 1889 1188 enim
1913 1138 1990 1193 corr

434 1261 436 1266 .
502 1210 616 1288 omnia
637 1208 698 1308 ipss
714 1209 931 1285 evertendum
948 1206 1078 1296 fuerat,
1099 1213 1191 1307 quod
1206 1213 1369 1283 Arciotis
1385 1210 1464 1300 Diff.
1481 1215 1504 1281 l.
1519 1214 1571 1281 cir.
1584 1235 1623 1281 ex
1637 1205 1714 1307 ipfis
1727 1211 1813 1282 circa
1829 1213 1892 1285 has
1912 1239 1990 1288 oon·

500 1305 678 1383 troverstas
703 1306 798 1382 nelis
822 1310 929 1391 eruit,
954 1311 1115 1379 nimirum
1138 1311 1288 1380 civitates
1311 1303 1408 1378 hasce
1426 1311 1702 1402 Aquisgrrnrnlem
1726 1331 1761 1379 et
1784 1313 1989 1403 &lorinse-

502 1403 691 1482 conllanter
705 1403 912 1505 pretendille¹
927 1409 1094 1478 Exercitio
1113 1410 1213 1498 etiam
1231 1408 1365 1503 privato
1388 1402 1643 1476 Prorellantium
1659 1430 1678 1474 a
1695 1402 1727 1477 le
1740 1407 1988 1484 conmodiblnm

501 1497 600 1578 soille
614 1528 702 1578 anno
718 1507 883 1586 normali,
909 1500 1124 1588 reftallarios
1140 1508 1258 1601 poenis
1273 1504 1456 1583 coercitos,
1483 1498 1605 1572 frullro
1626 1503 1730 1593 igitur
1742 1500 1987 1582 observantiam

503 1623 571 1700 pro
584 1625 625 1673 eo
638 1607 795 1677 exercitio
809 1629 827 1674 a
841 1600 1099 1674 Protestantibus
1108 1602 1300 1699 praetendi,
1323 1602 1479 1692 igiturne
1493 1599 1534 1669 ad
1547 1599 1740 1671 tolerandos
1748 1602 1890 1697 quidem
1903 1604 1987 1697 ejus·

427 1721 440 1746 ‘
502 1698 597 1771 modi
618 1702 743 1772 incolas
761 1697 995 1794 Magistratum
1011 1700 1174 1792 obligaci3
1198 1723 1302 1794 quare
1327 1697 1369 1768 ad
1400 1698 1437 1789 ι)
1455 1696 1582 1779 elucet,
1608 1721 1647 1768 ex
1663 1722 1731 1793 quo
1751 1701 1986 1797 capiteajure

502 1797 646 1869 civitatis
660 1822 693 1870 et
709 1797 861 1869 tribubus
876 1794 1037 1894 opificum
1053 1794 1171 1868 exclusi
1186 1793 1330 1867 fuerint:
1356 1795 1519 1891 applicari
1536 1793 1571 1865 id
1583 1791 1690 1890 pollet
1704 1795 1746 1864 ad
1761 1801 1986 1882 territorium,

502 1892 539 1964 in
555 1917 624 1989 quo
638 1895 821 1968 Catholicis
837 1893 1044 1967 observantia
1056 1892 1125 1992 ipsa
1139 1898 1215 1965 anni
1230 1893 1391 1966 normalis
1407 1895 1495 1963 circa
1510 1893 1704 1964 exercitium
1721 1893 1910 1988 Religionis
1924 1896 1986 1968 du·

504 1986 560 2062 hia
582 1992 754 2079 redditur,
779 1992 870 2064 aliud
893 1989 940 2064 ell
962 1992 1004 2064 de
1026 1994 1158 2063 civitate
1179 1992 1341 2087 quadam,
1369 1991 1418 2061 uti
1434 1984 1719 2073 Francofurtenst,
1745 1992 1780 2061 in
1806 2017 1875 2089 qua
1894 2016 1985 2066 extra

455 2123 458 2129 ¹
503 2086 761 2163 “controversum
780 2091 974 2161 exercitium
995 2089 1181 2181 Religionis
1204 2088 1396 2159 Catholicae
1416 2091 1517 2158 etiam
1536 2085 1710 2184 publicum
1730 2110 1817 2162 annu
1839 2091 1984 2165 normali

504 2186 634 2278 viguit,
659 2211 758 2285 atque
766 2188 930 2259 Catholici
946 2187 1061 2258 itidem
1078 2185 1142 2257 stne
1158 2184 1261 2280 duhlq
1275 2184 1354 2257 alias
1369 2184 1476 2280 adjus
1492 2186 1615 2256 civium
1632 2186 1877 2281 acquirendum
1894 2187 1984 2262 habs

505 2279 656 2357 les-sunt.
708 2287 875 2356 Privatum
894 2282 1006 2355 saltem
1024 2286 1236 2365 exercitium,
1263 2282 1316 2354 Ad
1344 2285 1383 2376 a)
1407 2282 1499 2378 quod
1516 2279 1737 2367 Protellantes
1752 2286 1787 2356 in
1803 2287 1983 2359 nominatis

504 2378 646 2454 urbibus
660 2378 796 2476 viguille
810 2381 1051 2479 praetendunt,
1076 2380 1116 2453 ab
1139 2382 1205 2458 illis
1228 2379 1368 2452 dubium
1388 2378 1566 2476 redditur,
1581 2382 1686 2452 immo
1709 2380 1808 2478 plone
1831 2407 1983 2477 negatur,

505 2480 554 2550 uti
568 2480 637 2575 jam
651 2479 848 2553 insinuatum
861 2477 924 2563 ell,
949 2502 1049 2577 atque
1063 2503 1102 2551 er
1118 2475 1212 2550 Allis
1230 2477 1271 2549 ab
1286 2475 1435 2550 Aublore
1448 2477 1561 2549 relatis
1574 2501 1618 2576 ap
1646 2501 1734 2552 aret:
1759 2482 1868 2574 igitur
1875 2483 1983 2556 donec

424 2587 427 2596 '
503 2578 651 2649 Comitia
668 2578 710 2652 de
729 2602 771 2652 eo
793 2574 886 2662 casu,
909 2576 989 2649 dum
1006 2574 1222 2669 Magistratus
1237 2577 1395 2647 exercitio
1417 2573 1582 2670 ejusmodi
1608 2502 1675 2650 ille
1692 2578 1872 2689 opposuit,
1895 2581 1982 2652 reni·

503 2697 679 2774 sentesque
695 2679 796 2749 ctiam
809 2678 929 2773 poenis
950 2671 1170 2771 compescuit,
1196 2699 1238 2744 an
1261 2695 1296 2745 et
1315 2695 1477 2769 quatenus
1500 2667 1707 2746 observantia
1723 2676 1893 2771 ejusmodi
1910 2674 1983 2751 sub·

503 2775 583 2845 ditis
598 2776 845 2869 patrocinetur,
870 2768 1065 2842 sententiam
1079 2770 1239 2855 tulerint,
1265 2769 1312 2840 nil
1329 2770 1404 2865 plus
1421 2768 1463 2840 de
1478 2771 1591 2863 rigore
1601 2774 1821 2866 praetendere
1835 2770 1980 2874 polluat,

502 2893 605 2967 atque
621 2869 678 2939 alii
692 2891 826 2949 omnes,
850 2868 909 2963 qui
927 2889 1013 2938 anno
1029 2867 1171 2938 normali
1187 2892 1247 2940 nec
1263 2865 1435 2963 publicum
1450 2891 1509 2938 nec
1527 2870 1694 2963 privatum
1704 2870 1890 2963 Religionis
1906 2868 1986 2946 suae

503 2967 698 3039 exercitium
721 2962 926 3037 habuerunt:
949 2963 1029 3036 tales
1049 2968 1222 3037 enimvero
1245 2968 1394 3035 Domino
1419 2966 1582 3034 territorii
1603 2965 1729 3049 invito,
1754 2989 1874 3063 utpote
1921 2991 1986 3041 uos

504 3064 605 3161 plane
626 3060 793 3159 expellere
814 3057 939 3156 potell,
965 3065 1053 3133 cives
1074 3061 1209 3134 obtrudi
1234 3088 1302 3133 non
1326 3057 1417 3159 poll‘e
1441 3061 1532 3134 ultro
1553 3055 1724 3154 fatendum
1749 3061 1807 3138 cst.
1855 2993 1918 3137 Ad
1941 3069 1985 3162 3)

502 3185 543 3233 ex
558 3160 623 3232 hoc
637 3162 745 3257 capite
761 3156 976 3252 Magistratus
990 3157 1193 3231 Colonienlis
1208 3163 1461 3255 procurationes
1474 3161 1637 3230 mercium
1654 3182 1886 3233 extranearum
1902 3188 1985 3261 pro·

502 3256 620 3332 ln'bere
636 3258 753 3329 incolis
771 3253 1013 3328 Prorellanticis
1031 3282 1069 3329 re
1087 3257 1227 3328 necdum
1244 3256 1350 3328 decila
1366 3282 1383 3326 a
1400 3259 1553 3327 Comitiis
1570 3259 1694 3352 potuit.
1746 3257 1874 3356 Quodli
1891 3285 1985 3333 anno

501 3356 647 3429 normali
669 3377 759 3427 extra
773 3350 1028 3426 controvetliam
1044 3378 1100 3427 aut
1125 3353 1298 3452 publicum
1326 3376 1382 3424 aut
1401 3356 1570 3450 privatum
1590 3354 1774 3445 Religionis
1795 3353 1872 3429 suae
1887 3381 1983 3429 exer·

501 3455 618 3526 citium
645 3448 845 3532 habuillent,
875 3450 1199 3547 porrosquibusvis
1224 3448 1394 3532 tribubus,
1426 3452 1654 3521 mercimoniis
1669 3451 1730 3524 dcc.
1754 3451 1885 3526 excludi
1911 3477 1980 3526 non

500 3546 649 3649 pollent,
674 3574 784 3645 neque
799 3548 854 3620 hic
876 3550 940 3619 rite
960 3549 1001 3619 ad
1014 3574 1136 3621 annum
1162 3550 1387 3620 decretorium
1411 3570 1663 3644 provocaretur.
1719 3551 1752 3619 Si
1778 3550 1858 3647 plus
1877 3551 1981 3648 quid·

501 3651 593 3761 piant
602 3650 714 3723 dicere
722 3646 826 3718 voluit
835 3643 1037 3719 Coloniensts
1047 3648 1236 3718 Advocatus
1251 3696 1260 3726 ,
1286 3646 1320 3715 id
1335 3669 1417 3716 vero
1429 3648 1641 3740 genuinoque
1654 3641 1760 3716 sensui
1774 3650 1867 3742 pacis
1880 3657 1975 3746 prae·

499 3747 664 3841 judicium
679 3743 801 3816 afferre
817 3768 1027 3840 nequaquam
1042 3743 1147 3841 potest
1162 3772 1170 3811 z
1192 3768 1301 3838 neque
1318 3766 1356 3818 er
1372 3739 1495 3838 scripto
1509 3740 1675 3835 ejusmodi
1690 3741 1817 3840 aliquid
1832 3750 1867 3815 in
1908 3770 1972 3819 rae·

494 3842 664 3937 -judicium
683 3841 867 3933 Religionis
883 3841 1054 3934 cujusdam
1072 3864 1228 3936 tanquam
1250 3865 1320 3910 rem
1344 3839 1441 3935 plane
1457 3840 1610 3910 evincens
1625 3838 1841 3937 probansque
1855 3771 1972 3917 adduci

458 4003 460 4008 ,
527 3938 618 4013 orell.
669 3942 754 4010 Sane
768 3935 1032 4009 anProtcllantes
1045 3935 1383 4008 existimabuntvidlas
1398 3961 1415 4006 a
1430 3933 1495 4005 sese
1511 3959 1626 4006 manus
1641 3934 1763 4008 dandas
1780 3936 1855 4022 effe,
1871 3939 1971 4039 quod·

498 3963 525 4111 d
540 4038 705 4134 principia
720 4039 754 4106 in
769 4036 998 4128 hujuscemodi
1013 4034 1143 4129 scriptis
1159 4033 1200 4108 ab
1218 4035 1284 4103 illis
1301 4033 1398 4105 editis
1413 4056 1592 4129 perperam
1614 4034 1770 4129 adoptata
1788 4039 1822 4107 in
1847 4063 1905 4109 eos
1922 4061 1968 4111 re·

500 4139 753 4232 torqueantur?
801 4137 898 4204 Unus
919 4133 1072 4228 exemplo
1097 4130 1135 4202 lit
1153 4136 1188 4201 H
1200 4152 1220 4202 Ε
1233 4147 1508 4208 mutuemus,
1529 4131 1624 4224 cujus
1646 4129 1834 4204 dorltinam
1856 4134 1899 4207 de
1922 4140 1967 4210 Si·

393 4301 397 4310 .
498 4241 676 4318 multones,
704 4231 850 4326 aliasque
873 4230 985 4326 plures
1008 4251 1123 4302 contra
1141 4225 1171 4300 se
1188 4225 1302 4300 afferri
1321 4251 1419 4318 aegre
1438 4228 1618 4322 accipiunt.
1666 4228 1720 4300 Ad
1744 4239 1788 4322 4)
1812 4236 1898 4305 Non
1911 4257 1968 4331 po·

499 4334 563 4404 ruit
579 4334 681 4423 igitur
697 4355 762 4401 non
781 4354 834 4399 res
852 4328 932 4398 haec
948 4352 965 4396 a
981 4332 1121 4397 Camcra
1142 4323 1314 4421 Imperiali
1329 4326 1369 4394 od
1388 4326 1531 4394 Comitia
1548 4327 1690 4407 remitti,
1715 4347 1786 4396 turn
1802 4330 1895 4425 quod
1911 4325 1967 4403 All

497 4426 632 4500 seffines
648 4429 822 4519 utriusque
831 4425 1013 4515 Rcltgionis
1029 4428 1061 4494 in
1075 4448 1184 4520 partes
1199 4420 1343 4501 irilsent,
1361 4444 1431 4490 turn
1447 4422 1536 4515 quod
1549 4420 1617 4514 jam
1636 4419 1693 4492 suh
1709 4421 1819 4519 ipsum
1835 4451 1966 4524 tempus

495 4527 710 4598 Executionis
726 4520 904 4593 indecilunt
919 4521 1128 4602 remanserit,
1158 4546 1197 4590 an
1217 4525 1324 4592 Status
1342 4521 1417 4587 anni
1438 4518 1594 4587 normalis
1609 4523 1768 4591 exercitio
1784 4525 1967 4618 Religionis

497 4620 728 4717 aMagislratu
748 4616 941 4716 prohibito,
968 4623 1153 4717 poenisque
1173 4623 1273 4694 etiam
1294 4619 1329 4691 in
1350 4627 1560 4691 contumaces
1584 4616 1727 4695 decretis
1748 4622 1967 4698 nihilominus

1899 4719 1968 4797 sub·
