4950 5567
480 617 523 698 n:
534 611 780 745 ausuum.
795 600 1097 698 nocnxnu.
1116 621 1239 720 otte.
1255 622 1402 708 cont..
1414 629 1535 712 nou
1551 632 1810 719 concaua.
1842 668 1908 746 135

999 833 1319 927 &hili-wia

479 1179 486 1244 ι
654 1032 1270 1149 Animadverfiones
1339 1039 1657 1159 Editor'ia.
1805 1066 1807 1071 ’

479 1271 619 1360 austro,
644 1300 747 1375 quam
770 1274 825 1350 hic
844 1274 1029 1375 pertraiiat
1042 1278 1173 1355 Audet
1195 1305 1235 1355 ea
1252 1279 1513 1360 Procedentibus
1530 1288 1606 1361 data
1621 1314 1726 1387 opera
1742 1294 1905 1368 examina·

479 1379 702 1452 :Pilum
723 1378 759 1447 in
782 1378 881 1463 (nnec
905 1378 1111 1464 auserlcfenerr
1135 1382 1367 1473 Rechtsfiillcn,
1406 1392 1492 1458 Tem.
1515 1416 1542 1459 r.
1573 1393 1663 1461 Patr.
1680 1414 1712 1477 4.
1757 1393 1903 1487 Responsa
1937 1425 1947 1432 -
2049 1373 2069 1392 ⁸

478 1525 489 1550 .
513 1496 553 1548 et
570 1472 685 1586 denuo
706 1478 791 1547 Tite.
809 1501 844 1549 a.
871 1481 963 1548 Patr.
978 1501 1011 1563 3.
1046 1478 1185 1571 Respcnfi
1200 1506 1290 1565 223,
1316 1480 1373 1553 uhi
1389 1506 1423 1556 ct
1437 1483 1538 1581 hujus
1551 1480 1796 1560 Differtationis
1811 1514 1905 1563 men·

478 1596 533 1650 un
557 1573 692 1667 injicit:
725 1575 807 1646 item
828 1578 1096 1647 Kok'rfloht'
1112 1579 1191 1670 Diff.
1206 1582 1243 1650 de
1257 1605 1335 1651 anne
1352 1586 1534 1667 decretoria,
1559 1605 1707 1677 quatenus
1723 1593 1754 1655 in
1772 1593 1901 1682 Collegie

478 1693 541 1746 ran
554 1676 711 1765 praecipue
722 1676 754 1743 in
766 1673 861 1742 libera
875 1676 998 1766 imperii
1008 1676 1167 1768 Republica
1178 1680 1427 1769 francofurtenfi
1436 1689 1616 1761 conveniat,
1640 1679 1759 1755 Giesae
1776 1712 1900 1777 1770„

478 1793 506 1843 m
519 1766 684 1842 ‘recenset
705 1771 898 1841 ScHoTT
917 1771 955 1840 in'
973 1774 1029 1841 der
1051 1778 1314 1867 enpatthepiscben
1333 1782 1458 1869 critici.
1486 1807 1519 1867 3.
1537 1784 1639 1853 Banl.
1664 1805 1693 1874 p.
1707 1808 1791 1866 944·
1833 1775 1901 1856 nli·

485 1871 573 1942 item
593 1865 697 1939 habet
720 1870 886 1941 Monuit
906 1864 1025 1941 Trea.
1055 1877 1122 1945 Ven
1140 1879 1195 1946 cer
1211 1875 1493 1960 Reichsliittilcben
1516 1886 1706 1971 Regiments·
1723 1883 1905 1975 Versaffeeng
2037 1921 2040 1928 ·

478 1993 516 2042 a.
541 1987 572 2060 p.
587 1992 633 2047 5t
641 1992 677 2053 3.
703 1966 784 2059 seqq.
809 1989 911 2061 quem
928 1968 978 2037 uti
999 1987 1033 2038 et
1050 1966 1134 2039 alios
1156 1965 1343 2042 confutavit
1357 1979 1556 2070 Anonymus
1579 1985 1610 2046 in
1631 1981 1698 2047 ciem
1713 1981 1904 2074 Archangeli

477 2089 509 2138 tu
522 2070 731 2138 toRANN
745 2070 899 2164 Jacou
913 2090 984 2138 ven.
994 2073 1158 2139 MOSER
1173 2073 1381 2164 Aihaailrnrg
1396 2098 1461 2143 uun
1477 2080 1532 2144 der
1545 2075 1827 2166 Reiclrsliirrisclren
1843 2085 1905 2149 Rc·

477 2161 837 2358 nggegpffaprgpepl
858 2166 950 2236 deren
971 2185 1108 2297 zweytett
1122 2169 1227 2252 Buri,
1270 2192 1326 2239 arcs
1347 2174 1443 2243 elenen
1467 2171 1719 2268 Westpsililcben
1743 2178 1904 2247 Frielenr·
1955 2221 1961 2230 ·

527 2460 567 2534 ld
585 2464 621 2535 in
640 2461 762 2560 primis
778 2461 887 2558 inquit
903 2463 1153 2536 Puteanus
1173 2460 1334 2534 Civitates
1356 2482 1449 2535 mere
1464 2459 1715 2539 Protestrnticaa
1735 2463 1905 2543 habendas

487 2583 544 2635 eas
559 2559 726 2635 externis
742 2568 823 2633 Art.
844 2586 880 2641 5.
901 2569 939 2641 il.
959 2584 1015 2644 ²9·
1037 2556 1214 2656 inquibus
1235 2564 1486 2653 ann01624.a
1507 2566 1708 2655 Magistraru
1731 2589 1762 2636 et
1785 2570 1904 2640 civibus

476 2665 491 2733 i
508 2680 635 2751 praeter
648 2659 866 2754 Aregeliananr
882 2659 1081 2751 cenfefflenent
1096 2662 1262 2751 Religionis
1276 2660 1452 2728 exercitium
1467 2661 1671 2730 incredulitate
1685 2684 1743 2730 ncn
1752 2661 1832 2753 fait,
1845 2666 1904 2735 ita·

486 2751 754 2832 Francofurmm
768 2761 803 2829 in
812 2758 903 2848 lenset
913 2760 995 2848 juria
1007 2758 1115 2848 publici
1130 2756 1183 2827 vel
1196 2777 1235 2828 ut
1254 2754 1301 2825 ait
1315 2754 1412 2826 Mos
1423 2774 1478 2825 aa
1492 2758 1646 2848 juridica,
1682 2754 1800 2829 urbem
1822 2762 1906 2830 mix·

489 2882 562 2932 non
580 2852 664 2938 elle,
688 2852 745 2927 sed
761 2855 803 2925 ad
817 2851 982 2925 summum
998 2856 1032 2923 in
1049 2849 1141 2925 sensu
1154 2857 1283 2947 vulgari
1296 2873 1330 2923 et
1340 2853 1469 2947 pispiri:
1492 2858 1528 2924 in
1544 2852 1683 2927 urbibus
1699 2879 1811 2927 autem
1833 2881 1903 2929 me·

476 2951 712 3029 'totessanticis
727 2977 746 3023 a
760 2951 943 3025 Catholicis
958 2950 1035 3048 plus
1049 2952 1224 3047 praetendi
1246 2975 1314 3022 tton
1331 2945 1439 3046 polle,
1465 2973 1565 3046 quam
1584 2975 1621 3025 ut
1635 2951 1781 3050 praecise
1802 2954 1903 3026 relin-

475 3055 663 3126 murinco
685 3055 779 3123 Statu
799 3052 832 3120 in
849 3073 918 3146 quo
939 3073 1027 3121 anno
1048 3055 1150 3138 1624.
1177 3044 1328 3121 fuerunt.
1386 3048 1480 3120 Huic
1502 3052 1773 3146 interpretationi
1795 3049 1903 3125 obstat

475 3154 558 3224 tita
574 3147 666 3222 ditio
681 3148 847 3221 schemate
870 3148 1043 3240 (projeci.)
1064 3143 1321 3220 Protestantiunt
1349 3149 1452 3233 1646.
1476 3147 1566 3243 apud
1589 3151 1786 3222 Merrae
1814 3156 1902 3224 Tam.

475 3304 482 3324 .
501 3275 590 3338 334.
612 3248 692 3341 seqq.
743 3244 856 3317 Urbes
875 3248 996 3315 mixtae
1016 3245 1189 3326 dicuntur,
1212 3267 1355 3341 quarum
1371 3247 1460 3313 cives
1479 3253 1580 3334 1624.
1599 3244 1734 3317 diversae
1753 3247 1900 3341 Religio·

476 3343 586 3419 ddissi
602 3340 760 3424 fuerunt,
787 3341 968 3437 hiticnincp
988 3343 1029 3419 in
1044 3347 1155 3420 oeten
1167 3335 1441 3438 liutgericircic
1459 3340 1513 3420 t'nr
1528 3338 1901 3446 lzntiripcioctngsgiei

475 3444 612 3544 tpetlcy
626 3438 809 3540 Religion
824 3439 1010 3539 gemefcttp
1035 3461 1101 3511 eta
1118 3440 1302 3513 Catholicis
1319 3443 1439 3511 eodem
1459 3465 1546 3514 anno
1559 3444 1731 3515 Noremb.
1747 3444 1771 3519 Ι.
1792 3450 1838 3517 cit
1868 3470 1899 3539 p.

475 3585 490 3617 ‹.
508 3546 593 3637 seqq.
634 3544 760 3614 Civitas
776 3544 832 3611 uni
850 3540 1017 3629 Religioni
1038 3537 1188 3621 addiiia,
1213 3561 1301 3634 quae
1316 3561 1403 3607 anno
1425 3546 1526 3627 1624.
1549 3563 1649 3612 unam
1667 3564 1794 3614 tantum
1812 3546 1903 3616 Reli·

475 3665 547 3717 rem
565 3631 712 3738 professa
726 3634 790 3718 est,
815 3636 1016 3736 oiejeniges
1041 3636 1100 3715 δίε
1121 3655 1195 3714 nur
1210 3632 1365 3724 eineriee
1378 3633 1561 3734 Religion
1578 3635 1762 3718 bticnnct.
1802 3648 1903 3715 Anno

474 3768 520 3835 ,7.
538 3737 651 3835 April.
672 3735 696 3808 l.
713 3761 740 3808 c.
760 3739 845 3808 Tem.
861 3766 894 3811 a.
912 3761 942 3828 p.
963 3750 1042 3817 req.
1066 3754 1142 3817 rer.
1165 3752 1245 3819 198.
1262 3732 1386 3829 rejeiia
1401 3731 1447 3806 est
1462 3737 1669 3807 acatholicis
1684 3763 1721 3809 ea
1738 3742 1905 3833 interpre-

474 3865 516 3923 ο,
548 3862 616 3934 qua
634 3837 792 3907 Civitates
807 3836 841 3904 in
862 3856 965 3929 puras
982 3855 1015 3906 et
1030 3836 1148 3905 mixtas
1166 3831 1415 3913 dividerentur,
1439 3855 1538 3928 atque
1563 3833 1802 3929 posterioribus
1825 3839 1901 3911 illae

474 3964 517 4011 nn
532 3930 803 4011 recenserentur.
830 3954 973 4028 quarum
989 3954 1060 4002 tum
1079 3934 1248 4024 regimen,
1274 3954 1346 4001 tum
1362 3931 1450 4001 cives
1464 3931 1611 4003 diversae
1627 3934 1793 4024 Religioni
1812 3938 1903 4007 addi·

474 4032 597 4114 allent,
623 4032 723 4109 beten
739 4027 982 4123 dienerinnen
997 4028 1192 4123 lonchitis
1208 4023 1370 4123 <istcinest
1385 4024 1818 4127 nonencnttitnhiciinion
1834 4027 1908 4113 nia

475 4183 486 4230 p
516 4127 805 4230 quemadmodum
821 4152 859 4197 ex
875 4151 993 4197 eorum
1009 4124 1174 4200 schcmate
1189 4129 1372 4217 colligitur.
1422 4125 1463 4221 b)
1489 4136 1567 4201 Art.
1596 4155 1629 4211 5·
1654 4141 1690 4211 i.
1711 4158 1768 4213 49·
1794 4130 1906 4202 statui·

473 4262 480 4303 :
508 4239 541 4303 in
554 4230 665 4321 qatlas
684 4228 871 4298 Civitatibus
884 4249 960 4298 vere
978 4231 1100 4319 lmperii
1116 4232 1232 4297 mixtae
1249 4228 1415 4317 Religionis
1428 4233 1605 4296 exercitium
1626 4234 1657 4297 in
1677 4231 1731 4313 refu
1746 4229 1809 4314 est,
1845 4240 1903 4298 Ge·

474 4336 530 4404 tcic
544 4325 694 4421 Episcopis
709 4345 813 4395 contre
829 4328 913 4393 cives
927 4324 1125 4414 Augustence
1140 4323 1327 4416 Genscfficnie
1346 4324 1479 4414 nullastt
1490 4326 1679 4415 iurisdiciic,
1703 4347 1737 4393 ar
1754 4327 1903 4396 Catholici
1998 4384 2010 4394 .

473 4456 501 4501 ta
517 4426 748 4512 observantiam
761 4425 833 4492 dicii
847 4425 919 4490 eitni
939 4434 1040 4497 16²4.
1056 4419 1105 4506 (rte
1114 4425 1185 4511 iure
1199 4427 1414 4514 experientur:
1431 4424 1453 4495 i.
1467 4445 1496 4493 e.
1511 4423 1559 4492 uti
1576 4419 1665 4517 apud
1681 4441 1731 4491 na
1744 4423 1903 4493 Mittunt

473 4557 497 4600 e,
518 4555 554 4610 5.
572 4549 602 4616 p.
623 4548 643 4604 5
652 4547 708 4609 3e.
726 4545 746 4602 r
754 4545 797 4605 34
830 4518 1019 4610 colligitur,
1045 4517 1100 4590 etsi
1119 4517 1194 4613 jure
1210 4513 1393 4590 dioecesano
1410 4514 1653 4616 Episcopotum
1675 4522 1774 4588 triam
1798 4520 1905 4591 invito
2018 4601 2025 4612 ,

473 4623 616 4725 gistratu
631 4617 679 4695 uh
694 4613 848 4703 fuiliem,
876 4617 965 4692 unde
983 4617 1143 4692 eluceret
1159 4641 1271 4691 mente
1286 4614 1522 4716 paciscentium
1532 4642 1598 4714 pto
1612 4618 1724 4687 mittis
1739 4619 1837 4689 etiam
1849 4621 1904 4689 ct.

1823 4739 1903 4789 atta·
