4950 5567
592 582 722 659 «ο»
1037 557 1628 642 orssnnrnrro.
1728 565 1735 576 ·

591 777 672 835 runt
695 752 741 846 t).
764 742 972 845 fiigtturju·
984 741 1066 819 belli
1081 742 1326 839 iliiscompetrt
1344 762 1621 836 connumeror,
1646 745 1891 842 multomagis
1915 751 1965 822 uri
1986 771 2063 846 pote·

1999 871 2066 919 runt

637 1031 670 1114 5)
692 1019 743 1084 An
755 967 1023 1114 stptiborflimperii
1035 1016 1199 1096 competat
1209 1005 1263 1092 jur
1274 1007 1350 1072 belii
1362 1016 1637 1108 contreOexterpr.
1659 1009 1823 1154 dispptpnt
1841 981 1929 1074 inter¹
1943 1009 1974 1073 ie
1988 1009 2068 1092 juric-

622 1175 648 1242 ·,
706 1085 2071 1270 {titatitft‘fttttt‘ttttttt‘t‘sttrtttutitt:tuffttsttt‘iu

616 1253 626 1284 ⁸
707 1261 871 1324 utirrmir.
888 1275 917 1321 2.
935 1257 1020 1338 quod
1035 1257 1163 1320 statibus
1176 1253 1257 1325 iiiir,
1274 1251 1400 1316 srsrmul
1413 1255 1553 1316 drtiooer
1565 1255 1815 1337 independentes
1829 1255 1887 1316 vel
1902 1272 2002 1336 regne
2014 1255 2072 1338 poi·

709 1343 829 1413 fident,
849 1340 881 1403 in
892 1340 1043 1420 quelitate
1054 1337 1228 1418 principum
1242 1329 1520 1415 independeotium
1536 1336 1711 1400 indistinete
1731 1336 1784 1417 jus
1799 1335 1880 1400 beili
1899 1349 2073 1419 competet.

712 1433 845 1488 eotenus
859 1423 917 1486 vix
930 1418 1219 1501 eiiqoodsupererit
1228 1416 1377 1487 dubium,
1388 1416 1768 1558 rdeopoecrynomenon
1779 1419 1813 1482 in
1825 1437 1870 1480 eo
1882 1415 1998 1481 sutem
2008 1438 2073 1482 con·

712 1503 812 1570 istit:
834 1502 884 1564 An
898 1502 994 1565 sintne
1007 1499 1086 1583 Imp.
1098 1500 1175 1562 alicu
1190 1498 1329 1560 ditiones
1341 1497 1475 1578 indepeo
1496 1509 1588 1562 entes
1599 1509 1692 1562 extre
1701 1497 1877 1581 Imperium
1896 1499 1987 1562 honri
1997 1500 2075 1584 posi-

713 1588 826 1648 dentes
835 1583 992 1664 grodernt
1002 1581 1072 1663 jore
1084 1581 1159 1646 belii
1169 1577 1317 1642 oiienfivi
1330 1581 1447 1642 'contre
1459 1587 1614 1642 exteros:
1629 1577 1850 1644 controversie
1862 1579 2074 1645 sitternriecir·

625 1667 627 1672 '
715 1660 1061 1744 crhnncqurestionem
1077 1663 1168 1724 enete
1185 1659 1229 1722 eii
1246 1655 1571 1723 tuterrnonmun
1590 1657 1934 1735 &Hrunronsrum
1975 1681 2075 1727 norun

714 1744 1018 1813 illenim-metim,
1040 1737 1541 1822 bicreronegetivemdeiendit.
1566 1741 1653 1807 coni.
1683 1739 1923 1822 Observationes
1979 1744 2076 1842 rursu

715 1827 813 1892 Tom.
835 1826 890 1890 lV.
912 1826 976 1889 obi.
996 1837 1026 1897 tt.
1048 1824 1081 1886 δι
1096 1822 1192 1887 Tom.
1207 1822 1264 1887 Vl.
1276 1821 1342 1884 obs.
1356 1839 1408 1900 31.
1428 1819 1565 1884 Gnonu.
1587 1822 1741 1886 Lunwro
1760 1822 1952 1892 Bonnuerr
1968 1827 2000 1888 iu
2017 1825 2072 1889 dri.

715 1911 753 1974 de
776 1910 913 1989 Principe
933 1905 968 1972 S.
993 1905 1032 1969 R.
1048 1902 1091 1986 ἃ.
1105 1903 1262 1988 jussuum
1283 1906 1315 1963 ui
1331 1886 1371 1965 8
1384 1906 1482 1966 ortuis
1502 1911 1610 1967 tuente.
1633 1905 1666 1985 ς.
1685 1903 1743 1968 Xi.
1762 1915 1873 1984 putet,
1897 1909 1967 1968 uim
1981 1917 2073 1971 contu

713 1999 834 2056 exteros
848 1997 976 2068 urgente
993 1988 1112 2049 demum
1125 1985 1283 2070 ueteffitute
1296 1981 1435 2046 adbiberi
1453 1977 1547 2066 posse,
1570 1986 1605 2047 in
1619 1987 1675 2047 resi
1695 1990 1744 2048 uir
1762 1995 1868 2048 autem
1885 1987 2007 2070 castius
2025 1989 2075 2051 in·

662 2147 664 2152 Ι
712 2073 796 2216 perii
817 2065 1000 2152 calorisque
1016 2065 1187 2164 corycusunr
1209 2067 1346 2146 requiri,
1365 2063 1422 2146 rufi
1443 2065 1596 2128 auxilium
1613 2006 1785 2209 expulere
1798 2065 2016 2211 prppandute
2030 2070 2071 2151 st.

741 2154 751 2214 i
771 2151 858 2232 legen
872 2147 997 2228 Imperii
1015 2147 1139 2229 scriptas
1154 2145 1367 2218 miremur,
1389 2145 1500 2209 nullibi
1514 2144 1642 2210 statibus
1672 2168 1733 2229 mp.
1753 2167 1838 2211 conc
1879 2149 1951 2211 itur
1971 2166 2071 2212 contre

715 2244 846 2296 exteros
860 2229 909 2290 'us
923 2231 996 2292 belii
1010 2227 1155 2292 offensior
1169 2248 1211 2290 err
1225 2225 1443 2310 superioritrte
1455 2227 1636 2291 territoririi
1654 2247 1861 2310 promentur,
1882 2247 1949 2292 nec
1966 2232 2072 2294 exinde

625 2313 629 2324 '
740 2313 804 2373 uod
817 2314 847 2373 in
858 2247 1116 2390 iegibusimperii
1132 2309 1261 2372 statibus
1274 2309 1311 2368 eci
1325 2309 1569 2371 conservantem
1580 2327 1687 2390 pacem
1700 2311 1857 2393 pubiicum
1871 2307 1910 2372 or
1924 2313 1964 2373 eci
1978 2312 2075 2374 desen·
2119 2363 2121 2378 .

717 2330 837 2458 ionem
852 2391 977 2474 imperii
991 2393 1023 2454 ἃ
1038 2393 1227 2454 circulorum
1242 2390 1440 2472 injungetur.
1460 2398 1496 2452 ut
1511 2391 1542 2452 in
1554 2391 1718 2471 procinctu
1732 2392 1854 2475 semper
1866 2389 2009 2455 babeant
2019 2411 2077 2455 cer·
2119 2397 2121 2422 ¹

718 2486 787 2552 tum
801 2473 934 2536 militum
948 2492 1128 2544 numerum,
1148 2493 1183 2533 ec
1198 2471 1228 2533 se
1247 2473 1395 2534 instruere
1411 2479 1576 2533 teneentur
1591 2474 1758 2537 tormentit
1772 2475 1900 2536 bellicis
1915 2473 1953 2536 or
1970 2477 2028 2538 elie
2044 2475 2077 2535 ed
2119 2513 2122 2528 ·

717 2556 835 2624 beilum
850 2552 1014 2618 necessarie
1029 2552 1241 2636 suppellectile
1254 2551 1317 2616 &e
1335 2551 1467 2614 insertur
1485 2552 1546 2616 iliis
1562 2555 1739 2616 concesium
1758 2554 1821 2618 eise
1835 2555 1894 2627 Jur
1917 2557 1993 2619 betti
2008 2575 2078 2618 con·

718 2647 767 2702 trn
782 2649 913 2699 exteros
935 2637 1069 2718 propriis
1094 2633 1236 2716 euspiciir
1275 2634 1403 2704 eundi.
1426 2652 1496 2695 nem
1513 2635 1555 2694 ob
1568 2635 1620 2713 jur
1643 2637 1714 2699 belii
1733 2636 1967 2716 ilajestrticum
1983 2636 2077 2719 Impe-
2119 2681 2122 2714 ,

716 2721 817 2784 ntort
837 2717 872 2779 ir
893 2717 1031 2798 imperio
1046 2729 1229 2797 competens
1250 2653 1486 2776 §rcircuiorum
1506 2713 1778 2780 conservationem
1794 2717 1987 2782 sustentetio
2000 2719 2076 2782 rnili-
2120 2737 2122 2760 ¹

720 2803 763 2864 tir
779 2800 922 2882 perpetui
937 2817 1007 2860 cum
1026 2799 1153 2878 retiquir
1167 2795 1299 2857 annexis
1317 2813 1372 2874 per
1385 2795 1513 2856 'modum
1532 2799 1638 2859 oneris
1649 2798 1711 2860 iilis
1724 2799 1784 2861 suit
1796 2799 1969 2882 impolite:
1991 2811 2078 2881 prout

721 2901 824 2960 neque
834 2903 876 2942 ex
889 2880 951 2940 hoc
962 2881 1082 2960 cupite,
1100 2880 1184 2957 quod
1199 2875 1426 2956 stutunimperii
1440 2878 1548 2958 copias
1556 2878 1764 3020 prosnbfidiir
1778 2883 1972 2960 pecuniariis
1984 2891 2078 2943 trans·

722 2966 851 3026 mittunt
865 2962 902 3021 nd
917 2962 1064 3041 stipendia
1082 2961 1293 3041 potentiarum
1308 2969 1503 3030 exterarum,
1523 2961 1553 3020 in
1570 2971 1654 3020 ertur
1666 2960 1718 3040 jus
1735 2961 1828 3034 beisi3
1852 2962 1904 3024 sed
1925 2963 2022 3043 hujus
2037 2962 2079 3024 st·

723 3045 850 3107 culturis
869 3042 1105 3103 fundamentum
1122 3042 1152 3101 in
1166 3059 1206 3101 eo
1221 3038 1376 3109 consistit,
1397 3042 1467 3120 quin
1488 3041 1659 3120 gloriosum
1679 3044 1794 3124 semper
1813 3045 1987 3106 videbatur
2006 3047 2080 3106 Ger·

721 3127 844 3197 manis,
863 3125 996 3185 militare
1019 3122 1071 3183 sub
1088 3121 1182 3202 signis
1200 3131 1405 3191 exterorum,
1428 3123 1510 3183 uude
1531 3122 1565 3182 iit
1587 3122 1724 3203 Regibus
1746 3127 1865 3186 exteris
1893 3128 1928 3189 in
1948 3125 2080 3208 Imperio

720 3208 906 3290 plerumque
925 3205 1116 3286 permittitur
1136 3202 1329 3263 conscribere
1352 3202 1489 3263 militer:
1519 3200 1552 3263 Si
1574 3204 1679 3283 itaque
1707 3205 1840 3268 statuum
1867 3205 1916 3268 lm
1944 3253 1952 3270 .
1982 3209 2080 3288 copiae

723 3287 869 3370 praestent
886 3286 1009 3349 servitia
1021 3285 1164 3347 miiiturir
1181 3284 1233 3346 sub
1248 3284 1389 3363 auspiciis
1401 3285 1484 3362 regis
1497 3289 1639 3346 extranei
1656 3289 1886 3366 belligerando,
1914 3228 1976 3350 fiac
1988 3292 2081 3350 ratio·

722 3389 763 3432 ne
780 3368 875 3430 status
891 3367 967 3447 imp.
988 3365 1069 3426 haud
1088 3377 1237 3426 exercent
1250 3365 1302 3443 jus
1319 3364 1410 3434 beili,
1432 3385 1488 3425 nec
1511 3364 1565 3426 suo
1586 3371 1712 3429 nornine
1731 3370 1846 3430 bellurn
1866 3383 2005 3448 gerunt3
2029 3390 2081 3432 nec

722 3451 903 3529 etiamjuris
913 3448 1184 3530 publicianelogia
1193 3458 1320 3508 eatenus
1332 3444 1907 3530 striiregoturstatibusImperii,iienim
1917 3453 2081 3514 secundum

722 3532 820 3613 poulo
839 3543 911 3592 ante
934 3531 1084 3621 allegatas
1106 3529 1194 3606 leges
1213 3546 1278 3587 non
1292 3527 1384 3588 liceat
1396 3547 1466 3588 cum
1483 3531 1602 3589 exteris
1620 3532 1698 3591 inire
1720 3532 1838 3592 soedern
1851 3531 2028 3604 ostensiva,
2046 3532 2084 3594 iic

723 3633 783 3675 nec
803 3611 865 3674 iilis
877 3609 1051 3692 permistum
1066 3609 1109 3671 est
1124 3609 1239 3669 beilum
1255 3619 1363 3669 contra
1375 3619 1505 3669 exteros
1517 3610 1719 3672 oss'enfivum:
1742 3613 1824 3674 unde
1837 3612 1870 3675 ἃ
1890 3634 1967 3675 cum
1985 3616 2082 3676 Annio

725 3695 814 3773 1665.
828 3692 860 3753 ἃ
878 3688 1315 3772 1672AElettorcotontens1s
1332 3689 1365 3749 ἃ*
1381 3689 1556 3769 Episcopus
1570 3692 1813 3754 ilonnsterientis
1834 3693 2082 3774 christophorus

723 3774 898 3837 Bernnrdus
914 3775 952 3834 de
964 3774 1062 3834 Galen
1076 3773 1162 3834 initis
1179 3769 1350 3849 respective
1364 3789 1434 3831 cum
1451 3771 1619 3832 Gaiiinrum
1637 3793 1710 3853 rege
1727 3774 1899 3837 soederibus
1919 3776 2082 3838 offenfivic

724 3867 834 3917 contro
859 3855 1089 3933 Rempublicam
1108 3851 1327 3913 Hullnndicnm
1351 3849 1543 3932 susceperunt
1567 3854 1661 3926 belia,
1684 3875 1892 3934 magnorum
1915 3857 1999 3920 Zelo
2018 3871 2083 3920 turn

722 3938 878 4016 temporis
903 3935 1030 3997 illector
1042 3934 1272 4012 Brandenburg.
1285 3929 1456 3994 Fridericus
1470 3931 1658 3998 Wilbeimus
1677 3935 1876 3998 substinuerat
1890 3939 1925 4000 in
1933 3943 2082 4012 comitiis,

727 4034 789 4076 non
808 4015 983 4098 permissum
997 4013 1056 4077 eise
1077 4015 1203 4076 statibus
1225 4014 1301 4093 lmp.
1322 4015 1445 4094 proprio
1460 4016 1650 4076 authoritate
1668 4017 1813 4100 suscipere
1833 4019 1956 4083 bellum
1975 4035 2084 4084 contre

727 4111 870 4169 exteros,
892 4108 986 4178 prout
1000 4095 1092 4157 resert
1110 4097 1158 4157 Pu
1171 4116 1189 4157 r·
1199 4113 1217 4156 n
1227 4117 1275 4157 en
1286 4115 1306 4154 n
1317 4116 1337 4153 o
1351 4114 1398 4156 nr·
1414 4094 1462 4156 De
1472 4097 1559 4156 rebus
1573 4095 1806 4180 Brondenburg.
1823 4099 1891 4164 Lib.
1906 4101 1953 4164 X.
1967 4103 1991 4180 s.
2004 4123 2034 4185 9.
2051 4100 2082 4163 ἃ

726 4175 762 4239 L.
777 4177 829 4240 xl.
844 4185 872 4256 ς.
887 4199 936 4258 39.
946 4177 1063 4239 Verum
1077 4177 1223 4256 quidquid
1242 4188 1371 4239 eatenus
1385 4177 1416 4235 in
1429 4177 1534 4238 umbre
1547 4177 1858 4262 biusnrumtdisputari
1869 4182 1992 4263 posset,
2007 4203 2081 4246 con·

726 4255 785 4319 stat
803 4269 904 4320 tamen
918 4262 999 4321 inter
1013 4276 1123 4320 omnes
1139 4257 1206 4339 post
1222 4273 1363 4338 tempora
1378 4259 1462 4338 pacis
1475 4257 1696 4340 Westphoiicae
1709 4261 1803 4323 status
1820 4262 1899 4345 imp.
1919 4267 2081 4345 potentio·

728 4356 779 4398 res
793 4339 1049 4412 ntuterosrorem,
1070 4358 1160 4419 quem
1172 4340 1260 4420 leges
1275 4339 1320 4400 lm
1346 4386 1353 4400 .
1362 4341 1573 4434 praecipiunt,
1598 4339 1762 4405 sustentare
1778 4342 1912 4407 militem
1928 4344 1964 4411 ὅτ
1980 4346 2019 4410 de
2035 4346 2080 4409 fr·

729 4416 784 4480 tto
806 4416 856 4479 srb',
873 4418 1041 4484 vindicasse
1054 4419 1109 4493 Jus
1128 4421 1203 4483 beili
1225 4357 1371 4483 niseniitu
1389 4431 1499 4481 contre
1515 4432 1668 4495 exteros,
1689 4425 1830 4506 adeoque
1843 4445 1933 4489 nove
1954 4442 2081 4509 euterun

730 4516 802 4564 curn
814 4501 956 4571 consensu
965 4499 1211 4604 imperatorie&
1223 4501 1349 4589 Imperii
1361 4502 1461 4568 tacito
1470 4501 1648 4610 introdutbe
1659 4503 1704 4572 est
1713 4506 1926 4581 observantie.
