4950 5567
603 613 674 694 oe
699 613 926 694 susurris
947 615 1221 717 Quouunnt
1243 620 1619 708 ortionounrts
1642 633 1710 712 ac.
1824 668 1902 744 223·

364 789 366 794 ’
411 796 505 872 omni
526 798 722 894 exceptione
745 793 851 890 majus
867 791 1093 881 existimatum
1119 797 1179 869 hac
1194 804 1352 874 tamenin
1375 829 1412 876 re
1428 805 1510 878 illud
1523 811 1802 888 contemnendum
1822 843 1892 893 non

414 890 474 974 effe
488 891 563 990 ipsa
579 891 653 965 sana
668 896 755 965 ratio
772 894 1039 989 comprehendit.
1092 889 1183 990 Qid
1203 902 1292 967 enim
1309 905 1574 988 connaturalius,
1600 934 1656 980 aut
1674 911 1772 984 recle
1789 921 1891 988 ratio·

413 993 444 1062 ui
469 992 578 1084 magis
604 986 857 1063 consentaneum
886 990 1003 1062 deduci
1031 1001 1175 1086 poterit,
1202 1019 1303 1090 quam
1324 1022 1400 1067 cem
1428 999 1575 1093 posscffio
1597 1011 1685 1076 Anni
1710 1013 1887 1086 Normffi,

414 1084 547 1160 lubditie
560 1111 732 1160 terrarum
746 1090 1088 1184 oppignoratarum&
1107 1088 1217 1185 postea
1232 1092 1429 1164 reluitarum
1442 1099 1552 1192 quoad
1567 1107 1760 1177 exercitium
1814 1111 1882 1182 uod

416 1185 595 1280 principale
610 1183 675 1267 est,
700 1183 847 1255 absolute
860 1210 925 1278 non
943 1182 1144 1274 suffragetur
1161 1189 1286 1259 eisdem
1305 1193 1414 1285 quoad
1440 1219 1581 1278 annexa,
1608 1208 1707 1271 etiam
1725 1133 1883 1298 tabellum

418 1277 599 1365 aeeefforia,
650 1307 698 1352 uae
716 1279 877 1378 predillo
894 1307 979 1352 anno
996 1281 1223 1377 possederunt,
1238 1288 1352 1356 endem
1369 1288 1671 1384 pull'ellionernagis
1684 1298 1791 1391 juvari
1832 1301 1882 1374 os·

417 1373 457 1450 se.
493 1379 547 1450 Ad
566 1307 647 1475 quid
666 1383 756 1451 enim
781 1378 942 1450 institutio
959 1379 1138 1450 Mutillcrii
1165 1383 1308 1476 publici,
1334 1411 1390 1456 aut
1416 1394 1600 1463 nominatio
1622 1371 1662 1462 ad
1684 1327 1880 1472 Puroeltlam

437 1474 591 1556 eandam,
618 1476 658 1545 ed
677 1475 757 1571 quid
773 1478 921 1571 Templa
940 1477 1069 1570 publica
1090 1477 1247 1558 servient,
1275 1480 1355 1550 stad
1371 1507 1463 1555 mere
1485 1510 1656 1582 privatum
1675 1488 1810 1564 subditis
1827 1499 1879 1566 in·
1958 1541 1965 1556 t

418 1497 609 1664 dulgendum
636 1577 791 1668 Princeps
814 1572 993 1664 transigens
1015 1571 1080 1645 suis
1103 1603 1140 1646 ex
1164 1576 1348 1649 fanonibus
1368 1582 1564 1665 inducetur,
1591 1611 1646 1656 aut
1669 1585 1816 1662 subditos
1837 1593 1879 1664 ad

419 1670 677 1837 ricinppnssporius
699 1668 762 1781 sua
783 1670 1094 1784 Religionisloeum
1117 1672 1367 1789 &·Ecelesram,·
1391 1679 1439 1748 vel
1465 1679 1597 1790 aliunde
1618 1688 1701 1778 Jure
1723 1690 1878 1761 Patrona·

418 1765 1877 1968 lsi,,illisi,¹¹331},ll35¹3bilbili,lss‘z'ltliliflilllill'illll*

420 1983 485 2052 ergo
500 1985 662 2056 quantum
684 1964 784 2032 etiam
800 1964 832 2073 in
852 1963 902 2030 bis
921 1957 1059 2033 subditis
1079 1961 1163 2060 laepe
1177 1973 1371 2036 memoratis
1387 1967 1549 2063 superesse
1564 1974 1683 2047 debeat
1700 2000 1740 2052 ex
1756 1979 1874 2054 eadem
1957 1993 1960 1998 '

420 2055 624 2133 emtarum
637 2081 714 2132 eum
727 2063 876 2142 Domino
892 2059 1037 2132 ineunda
1051 2064 1146 2134 unice
1162 2060 1415 2161 exspectandum
1429 2063 1492 2142 eise
1507 2067 1692 2147 conficitur.

1058 2295 1089 2382 i.
1137 2291 1228 2367 XV.

508 2449 740 2520 Veruntamen
754 2468 796 2519 ne
813 2441 872 2519 soli
889 2447 1013 2519 rationi
1031 2446 1064 2519 dt
1079 2448 1222 2544 proprio
1237 2445 1373 2519 criterio
1389 2449 1421 2517 in
1437 2470 1475 2520 re
1495 2448 1535 2520 ad
1553 2472 1682 2526 merum
1697 2451 1821 2530 fastum
1836 2457 1872 2535 dr
1912 2419 1917 2434 Ι

415 2561 550 2618 motuum
567 2538 890 2638 Compaciscentium
911 2543 1070 2642 placitum
1091 2547 1279 2640 pertinente
1301 2543 1376 2638 plus
1400 2541 1487 2637 justo
1508 2545 1694 2633 confidere,
1719 2577 1775 2625 cut
1820 2580 1872 2627 er.

413 2641 536 2714 tinteius
552 2638 718 2712 inherere
736 2641 821 2712 velle
836 2642 967 2726 videam
997 2641 1038 2712 ad
1060 2639 1164 2737 ipsam
1179 2646 1292 2737 potius
1312 2644 1488 2735 utriusque
1507 2648 1613 2738 partis
1630 2581 1869 2741 compactsden·

410 2738 443 2808 tia
459 2747 606 2810 mentem
627 2734 743 2833 sepius
766 2737 964 2809 declaratam
986 2762 1145 2833 provoco.
1209 2736 1378 2807 Fotmulae
1409 2741 1499 2806 enim
1525 2738 1623 2811 latius
1653 2745 1685 2812 in
1712 2739 1866 2819 bislorice

407 2831 617 2908 metuunt
639 2831 722 2906 serie
742 2832 893 2932 superius
913 2832 1095 2916 recensita,
1119 2858 1193 2933 que
1210 2857 1229 2901 a
1247 2832 1503 2912 l’rotcslantibus
1524 2833 1767 2918 offerebantur,
1797 2843 1869 2937 prii
1921 2831 1929 2846 ⁵

371 3019 375 3030 ¹
405 2953 483 3004 mem
501 2929 651 3005 subditos
668 2935 911 3044 oppigneratos
927 2932 1066 3028 reliquis
1083 2933 1225 3025 proprio
1240 2925 1297 3000 sub
1307 2929 1458 3000 Domino
1467 2931 1602 3002 versaris
1619 2939 1750 3031 penitus
1763 2939 1866 3031 equi·
1885 2989 1891 3000 .

402 3049 547 3124 parentes
577 3025 696 3100 diserte
721 3032 833 3100 omnia
865 3051 987 3125 preter
1011 3031 1202 3100 exercitium
1229 3050 1352 3096 annexa
1384 3026 1709 3123 compleclcbanrur,
1745 3036 1865 3108 medie

403 3127 501 3222 quoad
523 3125 673 3223 Templa
701 3123 893 3197 divisionem
918 3126 969 3197 vel
993 3121 1295 3220 compossessmnem
1326 3127 1452 3195 interea
1484 3123 1653 3200 cesserunt.
1721 3128 1863 3205 caesarei

401 3243 525 3294 econtra
549 3221 623 3320 poll
643 3223 836 3294 diuturnum
862 3219 1026 3293 slentium
1051 3221 1152 3293 solam
1181 3221 1328 3292 exercitii
1354 3217 1620 3314 permissionem,
1648 3223 1771 3321 absque
1794 3226 1863 3300 ulla

402 3341 595 3392 annuorum
611 3323 798 3401 mentione,
822 3315 1027 3413 suaquidem
1049 3342 1203 3413 exparte
1226 3313 1444 3411 projestaram
1467 3321 1646 3390 Catholicis
1669 3321 1861 3416 persuaderi

402 3413 478 3510 polle
499 3416 653 3489 arbitrati
674 3411 786 3496 suere,
810 3416 845 3487 hi
868 3440 968 3496 tero,
990 3416 1030 3487 ad
1049 3439 1229 3488 extremam
1252 3415 1355 3508 usque
1382 3413 1496 3510 punsii
1515 3423 1713 3489 autonomiae
1730 3422 1862 3492 conclu·

401 3509 532 3598 sonem,
558 3513 694 3605 Regulae
706 3513 921 3584 Tetricoriali
940 3512 972 3584 dt
993 3511 1051 3585 soli
1075 3510 1257 3584 necessariae
1280 3509 1487 3582 subditorum
1509 3519 1735 3604 emigrationis
1756 3516 1861 3592 flebili

401 3605 551 3684 beneficio
573 3611 676 3702 (licet
701 3609 809 3707 quoad
831 3607 976 3681 subditos
1002 3611 1149 3706 reliquos
1171 3608 1211 3679 ab
1233 3632 1271 3678 ea
1292 3603 1469 3678 difficulter
1493 3610 1526 3680 dt
1549 3611 1701 3682 ultimato
1724 3613 1860 3688 demum
1987 3647 1992 3654 ·

403 3704 608 3802 recessissent)
630 3709 741 3803 quoad
765 3730 869 3778 terras
893 3712 1130 3802 oppignoratae
1154 3707 1351 3777 inherentes
1376 3703 1435 3799 ipsi
1462 3709 1560 3776 etiam
1588 3711 1678 3777 nudo
1701 3716 1859 3783 exercitio

360 3871 362 3876 .
402 3806 634 3886 renitebantur,
651 3804 740 3900 quod
755 3828 815 3875 nec
831 3801 1021 3896 simpliciter
1036 3829 1097 3898 per
1111 3808 1234 3896 Legem
1254 3805 1408 3872 Dominis
1425 3800 1609 3895 impositam
1624 3812 1785 3899 permitti,
1801 3807 1858 3880 scd

403 3903 574 3975 voluntaria
588 3902 744 3973 duntaxat
764 3899 984 3972 transastione
998 3903 1182 3971 Dominum
1203 3901 1338 3969 inter&
1356 3894 1500 3968 subditus
1521 3897 1654 3970 stabiliri
1676 3900 1763 3994 posse
1780 3930 1857 3975 con·

401 3995 566 4072 senserunt.
618 4003 704 4093 Qrie
730 4023 810 4069 xero
833 4002 955 4088 Legem
981 3999 1101 4067 elatius
1126 4000 1255 4093 concipi
1283 4020 1397 4092 petere
1419 3993 1595 4075 debuisset,
1621 3997 1677 4069 nist
1703 4005 1760 4096 qui
1787 4025 1857 4072 tan·

401 4119 486 4191 quem
525 4099 663 4168 etitores
680 4091 920 4166 conclusionem
936 4096 1018 4165 hanc
1041 4092 1104 4165 suae
1126 4096 1277 4191 petitioni
1299 4116 1393 4163 antea
1410 4088 1566 4162 litiffinae
1588 4093 1723 4188 prorsus
1739 4095 1856 4168 diffor-
1934 4121 1942 4132 ·

399 4215 473 4266 mem
496 4122 802 4290 deprehenderunt.
855 4194 952 4262 Sueci
977 4194 1080 4283 igitur
1104 4214 1259 4288 tanquam
1282 4188 1488 4260 subditorum
1514 4191 1717 4272 alienorum,
1749 4199 1856 4274 maio·

398 4313 457 4363 rem
479 4288 637 4363 adversus
655 4292 823 4361 Dominus
852 4286 927 4359 suos
947 4289 1112 4358 rclucnres
1133 4287 1320 4359 libertatem
1341 4283 1593 4380 postulantium,
1618 4289 1768 4384 partibus
1786 4287 1855 4360 asli·

395 4385 518 4472 flentes,
548 4387 606 4460 ubi
624 4389 790 4460 modernae
811 4381 963 4460 formula
978 4387 1113 4458 demum
1129 4385 1268 4457 tacendo
1287 4407 1540 4482 acquieverunt,
1565 4386 1628 4458 hoe
1643 4384 1715 4485 ipso
1730 4387 1770 4461 ab
1785 4411 1854 4461 ent·

392 4485 547 4583 plioribus
565 4483 632 4560 suia
647 4489 789 4585 antiquis
806 4481 978 4582 postulatis
998 4479 1152 4563 recedisse
1164 4477 1334 4557 manifeste
1350 4503 1546 4576 arguuntur.

1712 4683 1742 4777 c.
1760 4683 1852 4759 xvt.
1996 4657 2024 4686 ·’
