4950 5567
588 545 660 718 nt
1035 565 1614 682 n1s'sunrnr10
1711 631 1715 636 ·
1838 679 1843 688 .

492 769 494 780 Ι
591 793 689 866 Clare
705 785 810 882 igitur
826 807 934 885 patet,
960 789 1036 861 anni
1060 789 1292 860 MDCXXIV.
1317 781 1560 858 observantiam
1586 810 1652 858 non
1670 776 1832 858 denotare*
1856 783 1991 862 nudum
2010 749 2074 868 btr-
2120 809 2122 830 ²

591 915 662 966 tum
680 885 736 960 seu
750 889 976 960 conditionem
990 886 1072 968 loci,
1102 908 1207 983 prout
1227 909 1280 957 rea
1297 883 1417 956 codem
1440 906 1594 982 tempure
1618 884 1743 954 ibidem
1767 883 1799 956 se
1820 885 1993 972 habuere,
2023 888 2073 966 sed

590 993 719 1063 Statum
739 981 966 1069 snbdtorum,
994 1007 1097 1084 prout
1109 983 1150 1055 ab
1166 984 1232 1055 illis
1248 983 1368 1057 eodem
1389 1005 1545 1080 tempore
1562 978 1650 1052 saera
1669 1007 1856 1077 eorumque
1876 1011 2005 1060 annexa
2025 1013 2072 1064 eu·

437 1135 442 1148 .
590 1091 691 1160 ercita
716 1083 747 1154 dr
773 1080 907 1180 possessa
926 1077 1084 1166 fuerunt,
1119 1106 1219 1180 quem
1244 1085 1279 1153 in
1300 1079 1437 1164 ilatum,
1475 1106 1546 1176 quo
1561 1105 1648 1152 anno
1665 1085 1899 1158 Mucxxlv.
1927 1079 2074 1178 fuerunt,

590 1181 651 1282 ipli
670 1180 790 1254 scilicet
807 1179 947 1265 subditi,
972 1207 1038 1252 non
1057 1183 1167 1262 locus,
1192 1179 1230 1249 ui
1251 1179 1403 1274 plenarie
1419 1175 1652 1262 restituantur,
1678 1183 1708 1270 ς.
1735 1205 1792 1273 3²·
1816 1179 1885 1254 fuit
1904 1181 2072 1264 hauritum.

589 1287 625 1354 Si
639 1305 746 1379 porro
760 1279 861 1374 hujus
876 1285 908 1372 §.
927 1303 984 1366 33.
1003 1281 1200 1376 primariam
1216 1278 1437 1349 intentionem
1453 1273 1716 1364 consideremus3
1740 1277 1853 1352 nevel
1875 1282 1911 1351 in
1936 1286 2072 1360 minima

540 1399 544 1408 ·
589 1405 631 1456 eo
648 1378 771 1460 tendit,
797 1403 833 1449 ut
851 1374 969 1449 statum
988 1376 1189 1472 privativum
1205 1372 1366 1456 llabiliat,
1390 1371 1483 1446 &lic
1497 1374 1628 1446 obicem
1642 1372 1709 1468 juri
1730 1369 2070 1476 reformandi·pontr;
2105 1405 2109 1410 ·

588 1475 644 1550 sed
660 1479 759 1546 unice
779 1471 874 1571 palla
895 1473 1052 1557 antehae,
1095 1470 1130 1542 id
1150 1468 1195 1543 ell
1218 1495 1295 1543 ante
1315 1496 1438 1543 annum
1460 1475 1691 1544 MDCXXlV.
1720 1477 1808 1545 inter
1832 1479 2070 1556 Dominum&

588 1571 738 1648 lubditos
758 1575 839 1644 inito
861 1570 1017 1668 respicit,
1049 1593 1120 1738 pun
1139 1567 1198 1642 sub
1217 1565 1372 1664 respebiu
1395 1565 1604 1642 observantia
1625 1568 1708 1648 diiii
1730 1574 1806 1642 anni
1831 1569 1938 1646 instar
1955 1577 2071 1670 regule

389 1701 401 1714 ·
529 1751 534 1764 ,
588 1671 759 1754 obtineat,
783 1693 937 1742 cavetur.
968 1695 1004 1740 ac
1019 1671 1052 1739 in
1070 1691 1155 1765 uper
1171 1691 1237 1740 non
1251 1669 1382 1748 omnia,
1413 1691 1488 1760 quae
1504 1669 1652 1739 exercitii
1677 1667 1863 1760 Religionis
1885 1670 2069 1750 libertarent

613 1766 840 1840 uodammodn
856 1765 1054 1861 restringere
1072 1761 1224 1864 possunt,
1251 1761 1306 1834 sed
1321 1761 1455 1859 praecise
1467 1787 1642 1836 contrarie
1658 1764 1731 1838 latae
1747 1763 1938 1852 sententie,
1961 1795 2068 1846 rever·
2119 1809 2123 1820 ·

587 1795 687 1948 sales,
713 1866 830 1962 palla,
858 1866 921 1939 &n
948 1867 980 1938 dc
1003 1885 1210 2030 puaecunque
1228 1857 1486 1943 transaslionea,
1516 1863 1558 1932 de
1581 1860 1702 1957 quibua
1725 1861 1801 1936 solta
1826 1865 1890 1938 hoc
1915 1879 1944 1956 p.
1969 1865 2069 1944 serron
2118 1843 2123 1996 l

587 1961 655 2047 est,
671 1960 880 2036 cassantur&
898 1963 1009 2033 annihi
1026 1983 1135 2032 antur.
1183 1963 1405 2054 Quapropter
1422 1961 1522 2029 eriam
1539 1961 1661 2030 intuitu
1678 1959 1799 2032 horum
1814 1961 2012 2059 pallorum,
2023 1993 2069 2042 re·
2119 2002 2123 2050 t

588 2057 767 2135 versalium
784 2053 1226 2136 &cobservantianidelh
1260 2049 1834 2151 fatrumpoffeffionusubditorum
1856 2065 1889 2132 in
1916 2065 2067 2138 annode·
2117 2093 2123 2165 t

587 2167 736 2230 eretorio
752 2157 870 2227 habita
887 2157 941 2227 hie
958 2153 1071 2246 regula
1090 2152 1230 2233 dicitur,
1258 2177 1296 2222 ac
1308 2149 1436 2224 sensum
1452 2151 1492 2220 ab
1503 2153 1666 2226 Authoria
1683 2158 1914 2324 menteplane
1929 2161 2064 2236 alienum
2116 2167 2123 2233 Β

1812 2285 1833 2324 U

586 2256 724 2348 recipit:
752 2254 842 2350 quod
859 2275 980 2349 nempe
993 2245 1143 2349 possessio
1157 2274 1199 2322 eo
1214 2274 1301 2320 anno
1316 2247 1427 2320 habita
1444 2245 1566 2322 fortius
1579 2255 1643 2348 Jua
1657 2251 1782 2325 tribuat
1837 2255 1957 2338 bditia,
1971 2283 2062 2354 quem
2113 2251 2123 2361 j

584 2375 625 2426 ut
639 2351 723 2422 illud
737 2376 799 2448 per
814 2348 909 2448 palla
923 2374 998 2422 cum
1017 2351 1165 2420 Domino
1186 2346 1382 2421 territoriali
1403 2347 1542 2418 antehae
1563 2351 1643 2418 inira
1663 2349 1741 2443 ipsis
1763 2349 1904 2427 aufferri
1933 2355 2062 2454 tollique

584 2551 655 2634 ria,
681 2551 771 2632 tata,
801 2543 965 2644 firmaque
980 2545 1138 2639 deinceps
1152 2543 1269 2614 haberi
1287 2542 1447 2624 debeanr;
1463 2541 1508 2613 sin
1522 2568 1604 2612 vero
1617 2545 1792 2641 quidpiam
1806 2549 1997 2645 prejudicii
2011 2577 2061 2650 pa.

442 2703 452 2726 ,
584 2641 649 2720 aia
667 2645 732 2716 illia
751 2669 949 2738 generetur,
975 2639 1099 2715 cassatis
1123 2640 1157 2713 dt
1177 2640 1368 2711 annihilatis
1385 2640 1552 2734 ejusmodi
1569 2641 1677 2736 pallis
1697 2645 1905 2718 oblectantia
1923 2649 2059 2724 anaide·

582 2745 723 2818 caetori'i
745 2741 846 2815 instar
866 2741 991 2834 rcgulae
1014 2738 1174 2810 obtineat.
1239 2741 1280 2808 ln
1301 2733 1363 2807 isto
1384 2739 1413 2826 §.
1439 2739 1544 2828 igitur
1568 2763 1611 2830 33
1649 2740 1767 2811 nullibi
1788 2737 1889 2815 stetur
1911 2745 2056 2834 privativi

582 2844 729 2922 mentio,
761 2865 803 2910 ne
826 2843 933 2910 dicam
956 2833 1077 2907 decisio
1099 2835 1284 2914 invenitur,
1315 2858 1415 2929 quem
1436 2835 1572 2904 Author
1591 2861 1708 2908 contra
1723 2863 1860 2911 omnem
1881 2847 2055 2928 rationem.

582 2938 686 3012 modo
702 2936 830 3027 legibus
847 2937 944 3030 plane
960 2935 1130 3008 contrario
1147 2927 1305 3022 affingere
1319 2957 1385 3000 non
1399 2927 1609 3005 reformidat.
1661 2939 1752 3032 Qtln
1767 2938 2057 3038 tmoulreriuspro·

582 3035 690 3115 cedit,
716 3035 750 3104 dc
767 3055 956 3129 repugnans
972 3029 1036 3102 hoe
1056 3027 1151 3099 suum
1166 3032 1391 3124 Principium,
1425 3034 1457 3100 in
1481 3055 1549 3124 quo
1571 3055 1671 3103 omne
1693 3033 1787 3105 lirum
1811 3031 2055 3112 fundamentum

583 3129 815 3202 collocandum
831 3128 946 3208 haber,
974 3152 1049 3199 utut
1068 3125 1137 3223 ipse
1150 3152 1216 3198 non
1233 3126 1375 3197 multum
1396 3130 1429 3196 in
1446 3127 1506 3198 illo
1521 3126 1683 3210 confidat,
1713 3135 1805 3202 omni
1825 3135 1950 3208 virium
1970 3161 2053 3208 eona.

585 3249 624 3300 tu
638 3226 696 3298 suo
713 3228 889 3298 ratiocinio
909 3225 1077 3323 applicare
1092 3223 1217 3306 studet,
1245 3248 1316 3296 tum
1331 3221 1445 3293 tronfit
1458 3225 1499 3294 ad
1512 3223 1608 3320 palla
1625 3227 1657 3295 in
1679 3225 1785 3322 specie
1806 3254 1866 3312 ea,
1901 3257 1975 3328 quae
1994 3239 2054 3306 Do·

584 3327 671 3398 mini
687 3324 906 3397 territoriales
928 3347 991 3395 neo
1023 3321 1186 3394 Catholici
1210 3347 1287 3394 eum
1307 3317 1372 3390 suis
1396 3321 1541 3391 Statibus
1564 3323 1825 3416 provincialibus
1845 3351 1904 3400 aut
1928 3328 2052 3404 subdiale

583 2445 698 2548 poffit,
723 2450 806 2522 adeo
822 2448 980 2546 quidem,
1006 2470 1057 2530 ut,
1083 2443 1107 2518 fi
1123 2443 1288 2540 ejusmodi
1301 2433 1396 2540 paila'
1414 2439 1561 2540 praefatae
1579 2443 1761 2540 pollelllnni
1781 2474 1848 2522 non
1865 2449 1929 2523 lint
1942 2479 2061 2528 conua-
2100 2363 2124 3175 pl

584 3425 673 3498 inire
687 3420 809 3504 solent,
831 3422 888 3492 ubi
904 3418 1094 3516 sequentem
1110 3423 1143 3488 in
1156 3420 1294 3490 modurn
1311 3443 1413 3488 unum
1429 3443 1467 3491 et
1482 3419 1548 3490 alio
1563 3445 1682 3493 eruere
1697 3447 1853 3495 conatur:
1882 3431 1959 3498 talia
1972 3451 2054 3502 nem·
2119 3513 2125 3520 ,

582 3541 630 3620 pe
645 3517 741 3618 polla
754 3524 786 3592 in
802 3545 843 3590 eo
858 3518 1048 3600 collimare,
1073 3539 1110 3589 ut
1125 3520 1237 3592 omnia
1252 3540 1293 3591 eo
1309 3518 1344 3586 in
1356 3511 1460 3611 statu,
1479 3525 1555 3616 ‘quo
1570 3543 1655 3591 annu
1671 3523 1904 3608 Mucxxlv.
1916 3521 2052 3612 foetur,
2117 3541 2125 3560 ¹

580 3639 781 3720 permanete
798 3615 951 3694 debeant.

1219 3769 1256 3854 §.
1306 3763 1446 3838 XVll.

699 3909 836 3982 Extant,
862 3899 954 4000 quod
971 3921 1037 3971 non
1051 3895 1259 3988 negandum,
1284 3896 1464 3973 retersalea
1486 3901 1671 3990 ejusmodi,
1694 3927 1777 4000 quaa
1792 3905 1895 3976 variis
1911 3907 2048 3980 haceca·
2085 3979 2088 3984 ,
2114 3951 2125 3978 .

584 4027 620 4082 re
635 4001 745 4080 nostra
762 4000 885 4074 vicibus
902 3999 1057 4068 Dominis
1077 3994 1321 4066 Protellanricts
1343 3996 1385 4067 ad
1402 3998 1599 4072 catholicam
1615 4003 1824 4092 Religionem
1842 4003 2047 4077 redeuntibus

582 4103 792 4204 proscriptas
806 4096 1000 4191 exallasqne
1019 4090 1111 4164 soille
1130 4093 1160 4164 dc
1176 4092 1319 4163 vidimus
1337 4095 1590 4178 deoduinus,
1615 4103 1732 4170 eodeni
1755 4109 1854 4172 slatus
1870 4100 2047 4184 habitualis,

583 4207 644 4300 qni
668 4205 700 4270 in
718 4223 804 4268 anuo
824 4196 1012 4266 decretorio
1027 4193 1148 4283 viguit,
1175 4191 1391 4284 impullerum
1413 4191 1625 4278 observandi,
1651 4196 1865 4294 praefigurata
1888 4203 2047 4299 principio

582 4296 785 4400 potiffintum
801 4297 990 4364 innitentes.
1039 4293 1091 4361 Sic
1105 4291 1257 4383 quamvis
1273 4291 1356 4357 dura
1373 4287 1467 4372 satis,
1491 4293 1562 4362 aliis
1579 4319 1688 4366 tamen
1708 4299 1817 4370 adhue
1830 4297 2049 4373 moderatiore

583 4403 873 4472 Furni-,uicus
901 4397 1155 4459 hunuanus
1184 4390 1330 4456 Saxonia
1345 4386 1482 4460 Elellot
1498 4393 1593 4462 iniit:
1619 4397 1651 4462 Is
1672 4415 1748 4466 cum
1769 4417 1929 4486 vergente
1946 4395 2050 4494 elapso

581 4493 700 4570 seculo
717 4493 750 4561 in
763 4484 911 4560 Ecclehae
927 4484 1094 4555 catholice
1110 4489 1275 4574 gremium
1290 4485 1434 4570 rediret,
1459 4489 1642 4559 Ordinibus
1660 4493 1921 4584 provincialibus
1939 4493 2051 4572 solem·
2124 4503 2125 4522 ²

562 4583 618 4668 'oi
633 4587 804 4694 sponsione
818 4588 920 4676 eavit,
947 4581 1114 4682 Religioni
1131 4581 1376 4662 Protellautieae
1388 4589 1425 4660 in
1438 4588 1717 4666 Sueuiauollum
1729 4592 1912 4668 imminere
1923 4601 2056 4729 peficit.
