4950 5567
675 613 746 696 oa
768 613 998 694 suanrms
1023 617 1295 720 Quonounr
1324 567 1703 702 oraranonnrra
1727 622 1796 738 aa.
1884 631 1964 727 «ψ
2001 603 2005 610 ’

460 829 462 864 r
503 790 658 865 Nonnulla
667 790 860 908 possessione
873 795 931 869 sub
943 798 1054 912 plienp
1070 795 1222 912 pignorio
1241 793 1417 911 possessore
1436 799 1535 894 gavisi
1551 798 1702 888 fuerant,
1727 819 1797 878 non'
1811 827 1965 899 negatur,

498 913 644 1086 iiiiii
660 892 818 1064 llll?
831 889 1430 1090 signill⁸ll2llrlll⁰lli
1451 902 1791 1093 illasiiiniiiai‘e
1806 902 1876 1071 ll
1890 907 1971 1073 lif
2009 1017 2013 1024 ⁴

496 1109 529 1158 uo
547 1086 700 1181 pignorio
716 1085 892 1161 detentore
913 1087 1085 1162 dellitutoa
1107 1110 1225 1164 contre
1245 1112 1391 1162 mentem
1413 1090 1653 1167 Parin-ennon
1672 1121 1738 1168 non
1763 1098 1969 1180 extendatur,

497 1203 602 1278 utpote
620 1182 744 1280 quibua
760 1186 836 1280 plus
851 1182 985 1258 favendi
1001 1183 1094 1255 nulla
1118 1209 1179 1258 nec
1194 1188 1301 1270 ratio,
1329 1210 1390 1260 nec
1413 1189 1565 1260 uoluntas
1588 1186 1662 1264 fuit.
1719 1193 1820 1264 Unde
1844 1189 1969 1266 frustra

495 1276 622 1371 sugitur
638 1282 763 1356 intuitu
780 1282 924 1354 aliorum
941 1283 1125 1374 Religionis
1141 1284 1376 1366 commodum,
1401 1284 1460 1358 ubi
1484 1288 1613 1358 nullum
1636 1287 1772 1360 summis
1788 1286 1969 1386 Conpaeis·

487 1376 633 1449 ,entibus
646 1378 806 1476 'placuisse
826 1377 1020 1453 ollenditur.
1045 1375 1165 1449 frustra
1183 1402 1298 1456 contra
1319 1382 1505 1476 analogiam
1528 1382 1740 1456 instrumenti
1757 1389 1866 1465 Pacis,
1898 1388 1969 1457 imo

495 1471 640 1550 suerrum
656 1493 802 1548 mentem
819 1477 852 1550 dt
868 1477 999 1548 literam
1015 1473 1153 1567 fingitur
1166 1480 1330 1571 aequitatis
1346 1503 1381 1550 ac
1402 1478 1571 1576 prercnsae
1596 1481 1874 1578 compensationis
1895 1478 1969 1552 fun·

496 1569 698 1658 dementum,
723 1575 765 1645 iia
779 1570 965 1673 pracsertim
981 1577 1016 1649 in
1032 1570 1141 1674 specie
1154 1573 1342 1647 nullatenus
1358 1574 1566 1671 profuturae,
1586 1579 1707 1673 quibus
1725 1581 1899 1675 quidpiam
1915 1578 1973 1652 de·

498 1667 649 1757 radun,
673 1673 727 1747 rel
741 1677 855 1778 potius
868 1677 979 1749 minua
999 1672 1126 1779 aliquid
1143 1670 1362 1750 emolumenti
1377 1672 1575 1750 attributum
1590 1672 1653 1751 else
1666 1676 1771 1750 voluit
1784 1679 1833 1769 b).

1114 1908 1150 2002 a.
1197 1902 1330 1986 xxv,

603 2031 791 2107 Silentium
803 2060 909 2132 porro
927 2056 1131 2112 annexorum
1152 2037 1187 2110 in
1210 2048 1272 2130 §ro
1287 2061 1406 2115 xxvrr.
1424 2038 1633 2115 observatum
1651 2034 1734 2112 adeo
1750 2031 1890 2112 subditis
1905 2062 1973 2112 noo

500 2123 712 2226 suffragatur,
737 2156 774 2204 ur
794 2136 906 2229 potina
927 2158 968 2206 cx
981 2132 1199 2206 Trallatibua
1218 2135 1378 2210 anteallia
1397 2162 1553 2234 tanquam
1571 2139 1748 2230 denegatio
1762 2136 1902 2233 politira
1916 2137 1974 2210 nu·

500 2223 599 2300 leuda
614 2227 674 2315 lit,
698 2251 800 2328 atquc
813 2227 940 2303 direlle
955 2228 1165 2316 aduersarum
1190 2233 1342 2331 adeoque
1357 2234 1510 2309 beneficii
1527 2238 1602 2308 loco
1619 2237 1661 2307 iia
1678 2235 1901 2331 reputandum
1917 2255 1974 2307 re·
2056 2253 2076 2268 ‘

501 2327 579 2408 ciat,
605 2328 772 2423 quidquid
788 2331 954 2409 nonanus
967 2326 1069 2429 super
1085 2330 1246 2404 exercitio
1259 2331 1470 2424 transigendo
1484 2333 1526 2404 de
1544 2334 1597 2404 hia
1612 2357 1748 2428 quoque
1771 2332 1838 2402 illia
1854 2331 1973 2402 remit·

502 2441 564 2493 tere
578 2425 742 2507 voluerit,
768 2449 869 2523 prout
895 2428 1024 2521 Cupitis
1048 2426 1264 2522 precedentis
1288 2432 1376 2520 §§via
1392 2451 1471 2502 xiv,
1496 2429 1529 2500 dr
1549 2451 1607 2500 xv.
1630 2429 1761 2525 plenius
1785 2426 1973 2502 deducitur.
2102 2475 2110 2482 -

503 2520 568 2590 lmo
610 2523 700 2592 otius
721 2518 817 2593 favor
830 2523 954 2615 regule
975 2522 1137 2615 generalia
1160 2526 1359 2605 anterioris,
1382 2524 1494 2624 &per
1507 2528 1543 2594 P.
1552 2531 1607 2595 W.
1622 2527 1741 2594 iterato
1758 2523 1888 2596 disertis
1903 2547 1975 2596 ver·

503 2611 547 2686 lia
568 2544 719 2689 lsdbilitae
740 2622 890 2694 Domino
909 2617 1128 2694 Territoriali
1150 2617 1308 2694 aduersus
1330 2618 1480 2692 subditos
1504 2643 1721 2716 quoacunque
1746 2617 1864 2689 aslillir.
1931 2623 1976 2690 Et

503 2715 647 2812 quamvis
670 2715 780 2788 eidem
803 2741 866 2813 per
884 2716 1022 2790 modum
1046 2718 1249 2812 exceptiouia
1268 2718 1381 2816 quoad
1400 2715 1547 2791 subditur
1578 2715 1637 2789 sub
1661 2717 1805 2812 proprio
1825 2715 1977 2786 Domino

505 2807 693 2884 molliturus
709 2814 874 2885 Catholici
893 2814 1024 2884 tandem
1037 2812 1137 2890 latina
1151 2837 1229 2887 cum
1241 2809 1446 2911 expressione
1459 2815 1629 2895 exercitii,
1652 2835 1855 2885 annexorum
1871 2811 1904 2882 dr
1918 2808 1977 2884 bu-

507 2931 617 2980 uotum
636 2907 791 3002 derogari
805 2907 1040 3009 permiserint,
1063 2910 1175 3006 quoad
1196 2910 1484 3014 reliquoa.regulu
1507 2912 1621 3008 potius
1638 2905 1769 2981 firmata
1785 2905 1862 2980 fuit.
1911 2910 1977 2986 Ex·
2020 2981 2029 2990 ,

509 3007 611 3100 ceptio
627 3009 717 3078 enim
733 3029 890 3101 tanquam
911 3003 1071 3094 odiosa&
1086 3001 1197 3078 slrisle
1213 3008 1464 3107 interpretanda
1488 3007 1576 3080 ultra
1597 3002 1762 3103 expressos
1789 3005 1979 3077 conventio·

509 3103 552 3174 uir
565 3106 728 3180 terminos
744 3129 783 3180 ex
793 3103 1105 3208 generalibusJuria
1116 3103 1301 3179 ruiombue
1314 3104 1533 3180 exreosionem
1546 3129 1614 3177 non
1628 3107 1757 3202 patitur
1774 3104 1817 3177 ud
1831 3127 1888 3182 ea,
1904 3123 1980 3194 que

1284 3205 1330 3314 li
1360 3230 1380 3276 2
1863 3195 1977 3271 dislio·

546 3367 582 3451 a)
601 3365 685 3434 Add.
698 3368 1020 3438 Hurarrreraroa
1037 3372 1101 3439 loc.
1119 3371 1200 3458 saepe
1218 3371 1273 3435 cit
1286 3367 1351 3436 Lit.
1366 3387 1412 3434 cc.
1427 3367 1590 3451 iuquiens:

616 3487 782 3647 ,rain
793 3489 993 3654 laenis
1012 3487 1474 3653 sletstatinus*
1503 3483 1887 3638 :flinl‘ns'lllzlll‘
1900 3501 1983 3646 ξξῖὶῐ

617 3671 704 3734 „que
719 3652 758 3714 de
772 3652 918 3727 subditis,
942 3655 996 3734 qui
1008 3654 1074 3716 five
1088 3656 1247 3738 publicum
1262 3653 1329 3716 five
1364 3653 1501 3714 rivaturn
1517 3649 1693 3730 Religionis
1710 3650 1897 3712 exercitium
1915 3650 1985 3708 An·

538 3779 540 3784 -
618 3753 687 3810 „no
702 3733 1113 3800 nDcxxlvnauoerunt.
1143 3735 1285 3797 Alteram
1302 3672 1674 3812 exlribet§vuaxxxr'1.
1707 3726 1984 3874 §andnemjau-

618 3816 744 3891 „ditum
767 3834 828 3898 qua
842 3817 1009 3892 delinitur,
1031 3818 1106 3898 quid
1119 3815 1183 3880 illia
1197 3815 1414 3888 subditlatiat,
1435 3816 1489 3895 qui
1510 3815 1607 3876 Anno
1622 3809 1709 3875 MDC
1742 3809 1831 3878 XlV.
1854 3827 1985 3890 neopu-

619 3898 762 3973 „blicurn
772 3919 832 3960 nec
846 3901 1005 3981 privatum
1019 3899 1081 3961 luae
1092 3898 1270 3980 Religionia
1285 3898 1473 3964 exercitium
1489 3895 1681 3967 habuerunt,
1702 3892 1755 3956 vel
1772 3896 1824 3976 qui
1840 3891 1910 3974 post
1927 3910 1985 3972 pu·

620 3979 789 4056 „blicatarn
804 3978 916 4044 Pacem
929 3979 1128 4062 Religionem
1144 3989 1317 4043 mutarunt.
1358 3978 1426 4042 lllia
1449 3976 1637 4041 exercitium
1658 3973 1763 4048 suum,
1784 3986 1881 4055 prout
1896 3971 1984 4038 didio

604 4079 731 4140 ¹„anno
750 4060 949 4132 habuerunt,
968 4063 1127 4144 integrum
1143 4061 1361 4143 illibatumque
1375 4060 1527 4123 servatur.
1568 4057 1628 4119 His
1648 4054 1835 4120 beneficium
1851 4055 1911 4117 emi
1952 4073 1985 4115 a·

623 4145 745 4217 „tionis
761 4143 804 4205 est
814 4144 939 4217 datum,
961 4143 1105 4226 lisponte
1119 4144 1258 4207 subditus
1270 4143 1369 4215 velit,
1391 4139 1445 4204 vel
1459 4138 1615 4201 Dominae
1629 4157 1702 4200 eum
1719 4138 1857 4200 tolerare
1871 4155 1914 4196 no
1928 4153 1986 4231 ue·

623 4227 696 4298 „rit
740 4225 853 4306 Neque
868 4228 952 4287 enirn
972 4246 1087 4306 cogere
1105 4226 1244 4305 Imperio
1260 4224 1379 4306 potest,
1404 4231 1439 4282 ut
1451 4223 1488 4282 ad
1504 4221 1556 4281 sua
1576 4220 1657 4281 sacra
1670 4220 1813 4282 transeat.
1857 4217 1985 4278 Haarn·
2115 4247 2118 4252 ·

623 4318 696 4378 „ter
711 4308 788 4369 duaa
802 4307 927 4386 regulas
944 4308 1045 4370 media
1064 4307 1205 4389 quaedum
1221 4306 1286 4367 hoc
1304 4307 1380 4369 loco
1392 4301 1436 4365 est
1457 4301 1602 4444 stupulari
1615 4300 1765 4382 exemplo
1781 4298 1985 4394 subditprum,

626 4388 702 4470 „qui
720 4388 775 4450 etll
793 4388 959 4453 habuerint
982 4389 1077 4452 Anno
1095 4386 1307 4451 Mncxxlv.
1327 4385 1485 4466 publicum
1519 4401 1569 4445 uae
1592 4382 1767 4463 Religionis
1786 4390 1984 4451 exercitium,

626 4489 689 4544 „eo
700 4480 807 4534 tamen
821 4473 870 4534 uti
884 4489 949 4532 nou
966 4468 1107 4553 possunt,
1134 4478 1301 4552 antequam
1314 4468 1355 4532 de
1368 4467 1426 4532 illo
1439 4485 1510 4529 cum
1523 4463 1663 4530 Domino
1675 4464 1816 4527 reluente
1829 4458 1987 4540 transege-

627 4554 722 4625 „rint

548 4669 586 4751 b)
608 4666 702 4733 Cons.
714 4668 789 4751 Cap.
803 4669 935 4750 praeced.
953 4669 985 4752 S.
1000 4666 1058 4737 111.
