4950 5567
467 611 469 616 ’
576 665 648 740 280
949 631 1608 717 Ιοιεεηῑιιτικτιο

575 828 653 900 dem
668 819 1081 898 DominusTerritorialis
1098 845 1160 920 per
1176 816 1317 893 Pastum
1334 839 1393 892 aut
1405 817 1630 917 praeservare,
1654 833 1713 889 aut
1729 833 1888 912 tanquam
1912 811 1974 890 sibi
1992 841 2075 916 pre·
2101 841 2116 902 ςῑ

573 923 740 999 servarum
756 927 796 995 iis
812 922 986 1016 injungere
1005 916 1147 1016 posthac
1165 915 1274 1017 poffit.
1324 923 1413 990 Cum
1430 921 1522 990 enim
1536 915 1616 986 alias
1632 915 1879 988 Simultaneum
1896 917 1964 990 hoc
1978 943 2079 1014 gener

572 1025 674 1096 ratim
689 1020 770 1093 &ad
786 1023 963 1093 minimum
976 1017 1089 1092 saltem
1110 1040 1270 1112 tunquam
1285 1013 1457 1112 objetium
1473 1011 1657 1086 amicabilis
1672 1012 1846 1106 cuiusdam
1856 1013 2073 1092 Trantastio·
2100 1035 2117 1082 '-:

574 1125 628 1192 nis
650 1115 892 1192 confideretum
918 1112 1087 1215 saepiffine
1110 1111 1243 1202 fuerit;
1271 1113 1383 1209 quoad
1407 1109 1690 1186 Transafflonem
1716 1112 1821 1195 hanc,
1843 1109 1987 1188 subditis
2011 1141 2070 1214 op·
2110 1109 2118 1180 ἶ

574 1219 761 1316 pignoratis
778 1213 1006 1296 necessariam,
1032 1213 1119 1286 &in
1136 1217 1227 1304 Lege
1243 1210 1314 1312 ipsa
1355 1209 1465 1284 ubsica
1480 1234 1702 1307 praeceptam,
1726 1233 1821 1282 extro
1836 1235 1975 1286 omnem
1994 1239 2067 1288 con·
2103 1239 2109 1274 ¹.

577 1313 785 1388 testationem
801 1339 838 1387 ac
854 1309 1111 1386 controversiam
1131 1310 1276 1409 positum
1297 1237 1381 1393 ese,
1405 1311 1545 1381 omnino
1565 1304 1743 1382 restissime
1766 1307 1916 1382 videtur.
1971 1311 2069 1388 Unde
2101 1335 2118 1376 ·:

578 1409 645 1495 est,
670 1412 763 1510 quod
779 1437 817 1484 ex
830 1413 892 1484 hoc
905 1414 1007 1484 ctiam
1021 1417 1058 1492 s.
1066 1413 1187 1488 XXVI
1192 1417 1219 1484 1.
1235 1420 1314 1484 Art.
1328 1417 1367 1486 V.
1389 1414 1497 1480 Actor
1509 1411 1723 1484 Wndiciatcm
1734 1408 1967 1498 Hildestenfiatn
1982 1410 2070 1484 idem
2103 1433 2118 1476 ε

578 1513 642 1680 Jpa
659 1507 806 1680 sisabilire
822 1501 991 1598 volucrit,
1016 1531 1094 1580 cum
1113 1533 1153 1582 ex
1168 1506 1245 1610 ipsts
1259 1503 1355 1582 Astis
1374 1507 1411 1578 in
1426 1510 1568 1580 Camere
1583 1504 1759 1606 Imperiali
1780 1503 1927 1604 Spirenst
1944 1511 2072 1604 agitarit
2103 1533 2118 1574 ι

578 1631 675 1683 cuce
692 1631 755 1683 cat.
1959 1633 1970 1648 =
2108 1631 2118 1640 ·

754 1775 855 1844 cont.
875 1775 1046 1862 nastrum
1061 1775 1167 1855 ento
1182 1776 1220 1844 nt
1234 1776 1313 1844 neo
1333 1771 1394 1854 orn
1405 1775 1475 1842 rtet
1491 1773 1599 1840 ntea
1612 1772 1650 1840 nr
1667 1774 1738 1840 ono
1754 1735 1942 1852 annerum
1956 1771 1992 1845 rt

701 1859 892 1962 bemffqtrn
914 1859 1219 1954 §ilotoheimiidrm
1240 1855 1350 1948 &edre
1374 1851 1596 2020 obpansum
1662 1851 1786 1948 cisitco.
1851 1855 1902 1918 lbi
1924 1875 1961 1920 m

695 1943 883 2088 qpnnelrdye
899 1945 968 2012 utre
986 1941 1223 2024 occurentium
1240 1939 1427 2026 informato
1477 1955 1546 2000 arn
1574 1933 1614 2000 8
1651 1935 1721 2003 effe.
1768 1935 1872 2020 Cap-1
1906 1955 2071 2026 ‚pogen

760 2044 851 2108 ¹²3n

584 2199 652 2248 non
665 2173 813 2246 infimam
828 2173 957 2248 eausam
974 2173 1186 2248 'ussifieandae
1208 2171 1410 2273 posseffionis
1429 2171 1512 2259 suae,
1543 2195 1601 2247 aut
1621 2173 1757 2248 titulum
1775 2198 1843 2246 non
1867 2167 2074 2272 postremum

581 2271 871 2346 Brunsvicenstbus
897 2203 993 2348 fuitse
1018 2299 1116 2356 eum,
1147 2275 1240 2370 quod
1262 2277 1296 2345 in
1321 2275 1531 2347 securitatem
1558 2271 1752 2371 sumptuum
1775 2277 1809 2342 in
1835 2275 2074 2348 Erecutionttu

581 2370 750 2444 sententie
768 2376 871 2442 Benni
892 2373 932 2444 ab
951 2373 1073 2446 iisdem
1089 2371 1341 2462 impensorum,
1375 2397 1460 2468 quot
1481 2373 1522 2443 ad
1547 2395 1728 2458 2400000.
1744 2370 1823 2442 flor.
1845 2373 1920 2443 auri
1939 2396 2076 2470 compu-

582 2491 714 2552 tarunt,
740 2469 846 2546 teris
863 2470 996 2544 easdem
1012 2467 1237 2544 Hildestenses
1257 2473 1470 2542 retinuerint.
1521 2469 1636 2564 Hujus
1655 2493 1767 2541 tamen
1784 2473 1974 2563 argumenti
1996 2475 2082 2554 vim,-

583 2565 687 2660 (stcur
703 2569 810 2641 multo
825 2573 932 2664 magis
947 2569 1037 2667 ejus,
1063 2571 1154 2668 quod
1169 2571 1290 2642 eodem
1305 2570 1379 2641 loco
1393 2593 1432 2640 ex
1454 2563 1531 2638 inst.
1562 2571 1599 2640 P.
1619 2573 1673 2639 W.
1693 2575 1769 2642 Art.
1789 2575 1830 2644 V.
1854 2577 1894 2650 ff.
1912 2571 2018 2640 xm.
2041 2569 2075 2646 Β

583 2677 621 2750 ff.
639 2671 771 2740 XLIII.
792 2669 882 2740 idcm
907 2670 1059 2740 laudatus
1086 2679 1196 2738 Antnr
1219 2666 1385 2736 deducere
1409 2689 1547 2736 conatus
1573 2661 1659 2756 fuit)
1685 2664 1877 2764 ponderare
1895 2663 1938 2736 ah
1964 2667 2075 2738 enimn

586 2789 681 2861 reque
698 2789 792 2846 meo,
800 2790 919 2932 flquam
940 2764 1043 2860 scopo
1057 2762 1090 2835 dr
1105 2763 1254 2834 instituto
1273 2763 1327 2832 hic
1346 2763 1491 2832 alienum
1507 2761 1644 2858 prorsus
1660 2761 1824 2835 existimo.
1875 2763 1970 2835 Mihi
1986 2767 2075 2838 enim

456 2889 460 2916 ¹
587 2863 624 2936 id
643 2888 745 2934 unum
763 2859 796 2932 sn
838 2867 898 2943 cit,
924 2863 1015 2956 qnod
1035 2861 1142 2930 multo
1159 2865 1271 2930 minas
1289 2856 1401 2931 forsan
1417 2857 1604 2933 consultum
1623 2859 1748 2932 ibidem
1765 2863 1990 2935 simultatem
2013 2885 2076 2934 ctat·

589 2963 661 3030 dum
683 2959 790 3031 videri
806 2956 919 3054 posht,
936 2983 1036 3054 quam
1055 2958 1089 3026 in
1107 2957 1178 3028 ahis
1195 2959 1450 3054 quibuscunque
1468 2959 1567 3041 locis,
1594 2983 1671 3030 cum
1688 2959 1796 3054 mojor
1815 2957 1940 3032 ibidem
1955 2961 2076 3032 tumul·

589 3079 705 3138 tuum,
731 3056 944 3152 querelarum
961 3057 993 3128 dr
1010 3051 1184 3128 turbarum
1207 3059 1365 3126 materies
1385 3061 1518 3152 semper
1539 3053 1645 3130 fucrit
1668 3054 1944 3151 pertimescenda.
1996 3063 2075 3156 Qto

589 3153 664 3250 ipso
680 3155 963 3237 moderationem,
988 3153 1108 3237 credo,
1135 3153 1246 3234 sunm,
1270 3177 1371 3248 qnam
1394 3153 1526 3250 semper
1548 3179 1618 3252 prae
1639 3151 1674 3226 se
1694 3154 1861 3237 tulerunt,
1885 3153 1965 3228 satis
1985 3157 2078 3229 lucu·

589 3251 690 3324 lentis
713 3245 922 3324 manifestent
941 3255 1145 3344 argumentis
1169 3251 1358 3337 Catholici,
1385 3250 1579 3324 deturbate
1603 3256 1696 3324 Pacis
1720 3257 1771 3325 rei
1795 3257 1891 3344 argui
1908 3279 1927 3326 a
1943 3255 2075 3329 nemine

590 3372 688 3444 atquo
717 3373 831 3420 rcrum
858 3349 1058 3422 estimatore
1082 3373 1267 3448 poterunt,
1299 3347 1322 3420 fi
1348 3349 1441 3446 quod
1467 3347 1524 3420 fibi
1538 3374 1732 3448 competere
1743 3351 1905 3440 eredunt,
1929 3355 2008 3448 Jua,
2032 3351 2075 3426 oh

589 3445 700 3542 ipsum
726 3469 837 3518 tamen
865 3451 956 3521 Pacis
984 3471 1133 3520 amorem
1163 3449 1195 3518 dr
1221 3449 1386 3543 aequitatis
1410 3445 1556 3518 studium
1584 3449 1787 3546 quandoque
1811 3452 1990 3536 omittant,
2014 3455 2075 3549 Jua

590 3541 730 3640 precise
742 3541 951 3640 prrsessum,
978 3543 1011 3616 dr
1027 3543 1173 3617 sinistam
1188 3541 1356 3618 afflonem
1378 3569 1418 3617 ex
1434 3567 1532 3643 parte
1545 3544 1754 3618 subditorum
1770 3541 1995 3620 diffidentium
2009 3571 2076 3620 nott

590 3641 724 3736 semper
739 3646 928 3734 erigentes,
955 3641 1009 3715 sed
1036 3643 1069 3714 dr
1093 3643 1224 3735 regulas
1248 3645 1402 3738 politicas
1424 3644 1599 3740 prudentis
1621 3648 1836 3722 Oeconomiae
1857 3646 2075 3734 attendentes,

589 3761 627 3820 ut
640 3739 693 3824 id,
718 3744 809 3846 quod
830 3743 1054 3820 indubitatum
1070 3742 1218 3826 videtur,
1240 3741 1386 3815 securius
1402 3743 1587 3820 obtineant.

1226 3941 1258 4034 ς.
1305 3935 1440 4012 xxm.

534 4137 548 4154 ,
706 4073 918 4162 Argumento
943 4090 1052 4142 tamen
1079 4067 1249 4168 paulisper
1273 4067 1422 4152 inverso,
1447 4091 1485 4142 ut
1508 4070 1542 4140 in
1568 4091 1625 4152 et,
1651 4093 1752 4166 quam
1772 4027 1877 4143 semel
1902 4069 2076 4168 ecepimus,

462 4193 525 4250 en·
593 4164 788 4240 Simuitnnei
811 4169 907 4238 erudi
932 4165 1124 4241 discuffione
1148 4171 1251 4239 veluti
1276 4191 1339 4264 per
1364 4165 1622 4258 digressionem,
1655 4193 1734 4250 aut,
1770 4193 1809 4240 ut
1836 4171 1957 4241 Graece
1984 4169 2076 4267 loqui

594 4289 722 4347 emant,
749 4261 797 4338 dr
819 4271 851 4338 ἐν
878 4263 1010 4365 παςέδῳ
1037 4269 1069 4339 ἃ
1093 4266 1315 4362 hypothetice
1341 4265 1510 4362 paulisper
1533 4269 1791 4349 continuemus,
1827 4291 1932 4336 unum
1964 4289 2078 4338 enam·

595 4388 676 4436 num
691 4387 957 4436 commemorare
974 4365 1088 4446 dicent,
1116 4390 1153 4434 ex
1171 4388 1229 4445 eo,
1251 4365 1344 4461 quod
1358 4369 1391 4434 in
1407 4363 1608 4460 Episcopatu
1624 4361 1820 4435 Hildestenst
1834 4363 2077 4435 simultaneum

595 4461 659 4531 hoc
680 4463 822 4533 crudum
847 4462 1062 4554 abrogatum,
1088 4466 1157 4532 imo
1179 4461 1407 4557 prohibitum,
1435 4459 1562 4532 subluto
1585 4459 1721 4533 Recessu
1740 4460 1920 4532 Brunstico
1957 4461 2081 4532 Hilde-

593 4557 702 4641 henst,
732 4556 827 4631 fuisse
851 4559 1077 4656 supponetur,
1102 4557 1307 4655 sequelamn
1330 4558 1461 4656 speciosi
1488 4559 1553 4630 hoc
1579 4562 1770 4654 Principatu
1796 4561 1835 4628 ad
1861 4585 1979 4630 omnes
2001 4559 2080 4632 reli·

593 4677 675 4752 quer
691 4661 790 4733 totius
806 4663 948 4756 Imperii
965 4661 1119 4731 Romano
1128 4659 1345 4752 ·„Germanici
1358 4659 1549 4733 Provinciot
1562 4656 1683 4732 deduci
1705 4681 1772 4732 non
1794 4653 1904 4755 posse3
1931 4653 1987 4848 sep
2003 4656 2082 4771 piu·

873 4793 877 4802 ·
1981 4777 2080 4826 rtmta
