4950 5567
351 1478 353 1483 .
495 1485 732 1566 inTetriintio
748 1501 945 1576 permanere
960 1479 1218 1566 permittuntur,
1245 1469 1266 1539 li

403 567 414 576 ’
481 549 563 725 '220
635 621 972 732 nissuuraiio
998 613 1844 715 ΝΒ.6Ε1ὶΜ.ΕοοιΕ31Λ8Τ.ΡυΒΙ.ΙῦΙ

417 813 422 824 ’
493 816 672 910 tio'sliqtio
692 808 838 902 gavilos,
862 803 994 873 &inter
1011 802 1092 869 alios
1116 796 1173 868 sub
1191 801 1331 892 proprio
1348 796 1497 865 Domino
1521 794 1639 867 eodem
1659 795 1834 871 destitutos
1860 800 1931 875 dise

492 938 573 990 men
586 912 772 999 colligitur3
793 893 887 997 ¹quod
904 901 1061 968 nimirum
1080 896 1249 991 prioribus
1264 918 1377 968 curam
1402 919 1418 959 a
1440 889 1471 958 se
1491 894 1669 980 gerendam
1690 892 1878 989 promiliffe
1897 923 1931 972 ce

493 1013 621 1087 seatur,
643 1027 679 1074 ut
693 1023 816 1098 prater
831 996 1038 1066 tolerantiam
1061 985 1269 1060 neceffariam
1290 1013 1365 1059 cum
1390 987 1541 1056 libertate
1564 991 1751 1061 devotionis
1772 993 1931 1068 domessie

495 1109 530 1181 ἃ
547 1122 743 1201 perpetuam
762 1101 796 1164 iii
810 1094 1004 1164 Terriiorio
1020 1090 1281 1182 permanentiam
1297 1086 1430 1179 aliquod
1450 1082 1561 1152 saltem
1578 1090 1772 1176 exercitium
1790 1091 1845 1160 rel
1864 1093 1931 1190 pub

494 1227 573 1277 ‘um
591 1197 640 1269 vel
656 1200 823 1291 privatum
843 1194 875 1259 iii
895 1187 1013 1256 eodem
1031 1181 1183 1277 consequi
1205 1178 1340 1276 poffint3
1365 1180 1549 1251 dummodo
1557 1179 1734 1254 secuudum
1750 1182 1931 1278 ipsamtret

494 1297 635 1371 astionis
652 1291 796 1362 indolem
812 1281 932 1379 inipso
948 1284 1096 1365 ejusdem
1113 1280 1187 1348 loco
1203 1283 1338 1372 equitas
1356 1283 1400 1348 ita
1415 1275 1627 1360 observetur,
1660 1302 1697 1351 ut
1713 1278 1836 1354 subditi
1852 1288 1931 1370 eodt

496 1394 665 1469 ordinarie
678 1385 748 1466 ¹frui
774 1383 896 1477 absque
917 1381 1020 1447 nimio
1043 1375 1256 1445 incommodo
1296 1371 1407 1455 ollinti
1440 1370 1640 1467 posteriores
1662 1399 1761 1460 vero,
1792 1383 1931 1476 quemd

1270 1400 1300 1539 iii
1315 1475 1448 1564 penitus
1463 1469 1709 1567 relinquantur,
1735 1495 1791 1557 ut,
1805 1473 1831 1546 ii
1847 1480 1881 1548 iu
1894 1483 1931 1552 rii

497 1589 571 1662 nia,
592 1581 642 1653 vel
662 1585 694 1649 in
712 1579 854 1674 proprio
869 1573 917 1643 vel
943 1576 975 1639 iii
990 1572 1098 1639 alieno
1116 1572 1328 1644 Territorio,
1360 1567 1443 1636 illud
1468 1567 1617 1638 invenire
1639 1566 1777 1662 poffint,
1816 1573 1931 1667 ejutfi

497 1681 747 1780 quentaiionem
766 1674 960 1767 permittere
980 1668 1114 1762 quidem
1138 1688 1309 1742 teneatur;
1336 1687 1370 1732 at
1388 1661 1444 1733 ubi
1468 1661 1532 1732 tale
1554 1667 1706 1759 repetire
1727 1690 1794 1738 iton
1814 1667 1931 1752 est,·a

499 1777 556 1850 alii
570 1773 703 1846 eosdem
721 1767 835 1863 sponte
853 1773 883 1834 in
901 1768 1190 1860 participationem
1204 1762 1387 1834 admittere
1396 1759 1581 1845 nolueritis,
1596 1759 1687 1836 uuile
1702 1762 1931 1844 ulteriotePri

498 1876 576 1971 cipe
596 1893 675 1944 cuia
689 1867 775 1960 exigi
791 1858 898 1964 poffit.

1147 2037 1177 2127 5.
1225 2029 1324 2107 xil.

616 2209 742 2301 Neque
754 2197 1057 2299 eremplnmdeest,
1083 2225 1151 2297 quo
1165 2199 1323 2274 haiienus
1339 2195 1425 2272 diiii
1439 2198 1479 2270 ad
1496 2199 1688 2273 exercitium
1702 2199 1889 2297 Religionis
1904 2201 1931 2277 si

374 2337 376 2342 ·
502 2303 650 2382 dirorum
665 2306 700 2373 in
716 2303 814 2373 tertis
829 2305 1060 2397 oppignoratis
1076 2302 1279 2396 pertinentia
1294 2297 1472 2369 admodum
1487 2296 1643 2370 illustrari
1657 2321 1789 2394 queant.

618 2433 841 2530 Suppeditant
861 2430 943 2502 illud
962 2428 1113 2525 quadam
1127 2434 1248 2500 Terre
1263 2434 1394 2501 Domus
1409 2425 1587 2502 Austriaeae
1607 2431 1843 2517 hereditarie,
1867 2441 1931 2512 Dur

502 2555 558 2607 tus
570 2532 725 2608 videlicet
744 2524 862 2600 Silefiae
878 2527 1071 2597 immediate
1088 2526 1129 2596 ad
1144 2531 1319 2597 cameram
1336 2529 1475 2616 Regiam
1497 2523 1700 2623 speilantes,
1728 2528 1761 2601 di
1776 2529 1910 2604 Austris
1925 2538 1931 2604 i

500 2628 628 2710 ferior,
663 2627 705 2696 de
728 2622 849 2722 quibua
875 2621 1133 2693 Instrumentum
1157 2625 1192 2691 Ρ.
1210 2628 1265 2690 W.
1287 2629 1363 2692 Art.
1380 2628 1424 2694 V.
1451 2627 1498 2712 §§.
1517 2625 1691 2697 xxiiim&
1709 2647 1766 2698 xi..
1780 2626 1932 2722 dispuitur

499 2727 556 2800 nb
571 2728 624 2797 his
639 2723 680 2792 ad
697 2744 802 2790 terras
816 2723 1055 2812 oppignoratae
1075 2720 1281 2811 comparatio
1296 2718 1447 2812 quadam
1465 2720 1552 2808 haud
1570 2722 1683 2815 inepte
1697 2721 1887 2796 deducitur.

500 2824 641 2914 integris
653 2820 742 2889 enim
759 2818 851 2883 Pacis
866 2810 1080 2881 Tradatibua
1096 2812 1165 2882 haec
1180 2813 1248 2888 duo
1265 2816 1663 2888 Articuli-Graiaminum
1684 2823 1783 2890 toties
1799 2821 1880 2894 hine
1895 2824 1930 2894 io

500 2917 652 2990 ventilati
673 2907 795 3005 pondis
818 2911 851 2975 in
874 2906 1045 3002 postulatis
1061 2911 1185 2978 mutuis
1200 2910 1385 3003 plurimum
1402 2914 1488 2981 inter
1510 2908 1542 2982 se
1564 2908 1730 2985 affinitatis
1751 2915 1931 2990 habuisset

500 3010 777 3111 prehenduntut,
804 3003 837 3073 di
859 3005 1029 3097 aequaliiet
1047 3026 1204 3099 tanquam
1221 3004 1345 3101 species
1363 3006 1513 3100 quiedam
1532 3016 1733 3107 exceptionis
1754 3039 1772 3082 a
1792 3012 1880 3087 sorte
1897 3040 1931 3088 re

501 3128 648 3204 quorum
672 3099 877 3171 subditorum
900 3099 1198 3176 considerabamus.
1245 3104 1397 3197 AEqualis
1412 3127 1482 3172 etat
1498 3107 1609 3199 quoad
1623 3131 1803 3204 utrumque
1819 3112 1929 3185 Catho

501 3226 620 3275 eorum
636 3221 734 3301 atque
749 3194 1015 3267 Caesareanorum
1039 3201 1236 3279 renitentia,
1267 3200 1383 3269 eadem
1406 3202 1582 3294 utriusque
1603 3205 1642 3274 ad
1667 3207 1811 3277 Comitia
1840 3204 1931 3280 futur

501 3301 647 3371 aliumve
662 3295 800 3386 imperii
817 3318 1014 3363 conuentum
1032 3297 1218 3364 remittendi
1242 3319 1297 3364 aut
1317 3293 1494 3365 differendi
1513 3296 1688 3378 defideria,
1715 3302 1830 3374 eadem
1846 3309 1931 3376 utriii

365 3455 368 3464 .
501 3420 586 3492 que,
608 3389 679 3488 poli
692 3412 890 3460 conventum
906 3388 1069 3479 generalis
1083 3394 1281 3460 autonomiie
1298 3390 1474 3484 puniium,
1489 3395 1641 3468 ulterior
1655 3400 1761 3469 adhue
1776 3399 1931 3497 disceptat

502 3514 603 3588 atque
625 3483 800 3558 coneluiio.
849 3488 922 3554 litio
945 3483 1013 3579 ipsa
1034 3489 1125 3556 Pacis
1146 3491 1233 3559 circa
1257 3510 1438 3583 urtumque
1457 3489 1619 3582 puniium
1637 3493 1840 3590 disponentis
1858 3503 1931 3571 Lite

501 3593 645 3662 maxime
665 3587 753 3653 inter
773 3576 933 3652 senffinis
952 3582 1160 3672 intelligitur.
1208 3589 1261 3654 De
1275 3589 1508 3679 oppignoratis
1533 3593 1620 3659 enim
1644 3596 1741 3662 terris
1757 3593 1869 3665 statuit
1888 3595 1931 3694 §r

377 3745 379 3750 ,
499 3704 649 3763 xxvii„
676 3683 804 3750 Domino
828 3682 938 3747 direiio
960 3682 1082 3746 liberum
1107 3682 1162 3770 effe
1187 3685 1274 3772 delet
1293 3688 1324 3750 in
1348 3688 1515 3772 hujusmodi
1541 3706 1639 3757 terras
1661 3696 1867 3780 oppignoratae
1882 3700 1925 3764 ed

400 3819 405 3832 .
501 3783 642 3871 reversas
655 3779 713 3867 sue
732 3780 893 3867 Religionis
912 3778 1085 3843 exeniiiuin
1105 3779 1215 3867 prrblne
1237 3783 1435 3848 introducere.
1485 3784 1538 3850 De
1557 3786 1655 3853 tetris
1678 3790 1808 3855 Domus
1825 3788 1929 3860 Aulis

499 3903 548 3952 cae
564 3873 800 3950 hereditariis,
826 3865 944 3939 silesia
961 3875 1128 3964 praecipue
1144 3872 1344 3953 Ducatibus,
1373 3879 1429 3968 qui
1455 3877 1644 3951 immediate
1659 3883 1698 3950 ad
1715 3888 1891 3956 Cameram
1909 3891 1931 3956 li

502 3977 591 4067 giam
612 3967 777 4066 spediani,
807 3963 950 4060 disponit
976 3972 1053 4056 §vus
1072 3986 1224 4039 xxxiia:
1264 3976 1418 4064 Qam‘vis
1448 3975 1579 4060 Cesarea
1602 3981 1771 4068 Maiestatr'
1792 3987 1857 4078 jus
1879 3987 1931 4076 rip

499 4073 605 4144 mendi
627 4071 801 4136 exercitium
823 4069 985 4154 Religionis
1007 4090 1065 4130 non
1090 4073 1203 4144 misius,
1235 4091 1324 4155 quain
1345 4073 1412 4135 aliis
1438 4074 1565 4160 Regibus
1591 4075 1626 4148 ii
1651 4082 1836 4168 Principibus
1863 4105 1931 4175 coinp

503 4189 578 4241 tet.
621 4217 629 4233 .
654 4166 707 4232 De
726 4161 958 4255 oppignoratis
979 4162 1153 4254 pergitur:
1189 4167 1290 4230 incole
1311 4183 1410 4232 tamen
1435 4168 1469 4238 Ei
1488 4167 1599 4251 [abditi
1620 4176 1768 4263 nrigrare,
1798 4197 1856 4246 eut
1870 4181 1931 4270 sua.

500 4286 590 4359 quam
615 4259 666 4344 (ui
689 4263 779 4350 priori
807 4256 954 4348 psffeffore
984 4259 1151 4346 liuiusiiisdi
1181 4279 1331 4328 terrarum
1367 4267 1623 4354 oppignoratarurn
1655 4275 1786 4363 amplexi
1817 4275 1931 4364 suetan

377 4377 382 4385 ·
500 4365 685 4451 Religionem
703 4352 835 4441 deserere
856 4377 913 4422 non
939 4374 1091 4444 rogantur.
1141 4356 1193 4423 De
1209 4350 1388 4426 Aulltiasis
1407 4381 1560 4430 econtra:
1587 4383 1687 4434 tamen
1708 4392 1766 4437 non
1788 4375 1909 4462 quidem

500 4464 612 4552 papi:
638 4503 646 4523 .
665 4505 674 4524 .
693 4505 701 4523 .
724 4452 778 4540 [ed
795 4453 836 4520 ad
858 4454 1111 4519 interventionem
1127 4459 1223 4543 Regia
1240 4454 1424 4542 Maiestatis
1448 4461 1571 4539 Suesia,
1599 4461 1633 4533 i?
1650 4465 1829 4553 ingratiam
1845 4474 1931 4544 iuter,

501 4560 635 4628 derisistis
649 4559 694 4628 A.
720 4551 922 4664 &iterium
938 4551 1111 4670 petrinus,
1143 4570 1179 4623 ur
1199 4553 1341 4644 quintili
1359 4556 1506 4639 cirino,
1533 4562 1665 4637 Baiones
1681 4564 1715 4637 ii
1729 4566 1877 4652 Nobiles,
1910 4576 1931 4639 i'l

1890 4692 1931 4744 ru
