4950 5567
491 597 572 730 240'
631 621 969 708 utsssurnno
995 617 1101 728 Just.
1124 619 1285 706 saun.
1308 619 1622 704 accuustasr.
1647 623 1846 709 uuattct

1176 819 1205 906 ς.
1254 809 1323 885 xt.

613 954 657 1025 Su
686 946 788 1047 posita
802 970 884 1024 reto
905 947 1006 1022 etiam
1023 941 1203 1018 &admissa
1218 950 1379 1038 §.xxvtn
1403 944 1444 1018 ad
1463 947 1492 1037 §.
1505 965 1608 1019 xxxi.
1628 943 1863 1042 oppositione,
1889 945 1907 1024 s

497 1069 608 1120 tamen
623 975 758 1120 sudditis
774 1045 909 1122 m'anete
924 1069 1046 1118 anneta
1061 1047 1260 1142 opinantur3
1285 1071 1362 1118 cum
1373 1045 1465 1141 juxta
1473 1043 1635 1115 disertum
1649 1045 1754 1116 litetae
1766 1069 1907 1124 tenoretr

498 1144 570 1217 solo
584 1147 768 1240 Religionis
785 1147 959 1228 exercitio,
986 1169 1093 1238 eoque
1110 1143 1262 1238 publico,
1286 1141 1496 1216 subditotum
1511 1142 1711 1214 reluitorum
1726 1143 1900 1242 loquatur,

498 1265 607 1340 eoque
623 1269 779 1360 tanquam
794 1239 1197 1358 specialis-&sagulum
1225 1265 1326 1408 ⁰¹V⁰ff²
1345 1239 1386 1312 ab
1401 1239 1572 1410 otpinapia
1588 1242 1680 1354 Pacis
1698 1241 1835 1334 regula,
1860 1267 1907 1316 uu

497 1338 1907 1533 l‘.stlssil.z.l‘.¹l.l¹ld¹.l⁸.lllilIfi‘llslll..zllllsssstllt‘llz‘ld

497 1533 690 1632 publicum,
715 1534 770 1607 sed
787 1535 820 1608 dt
837 1538 1004 1633 privatum
1028 1533 1225 1607 habentibus
1246 1537 1431 1627 generatim
1447 1533 1480 1604 dt
1494 1531 1682 1606 indistincte
1695 1533 1907 1612 confirmata.

499 1656 600 1716 runt,
624 1657 785 1732 quatenus
803 1634 860 1706 illa
880 1629 970 1706 dislo
992 1657 1077 1706 anno
1098 1655 1334 1716 exercuerunt,
1359 1657 1416 1704 aut
1438 1634 1580 1703 exercita
1601 1626 1696 1702 fuisse
1717 1631 1906 1734 probarep

377 1749 384 1762 ‘
495 1749 601 1816 tunt;
634 1756 752 1828 utpote
777 1732 819 1804 de
843 1730 964 1826 quibus
988 1729 1091 1802 altum
1114 1733 1148 1800 in
1172 1741 1201 1820 ς.
1219 1751 1337 1802 xxvia.
1354 1727 1519 1802 slentium
1546 1729 1825 1828 deprehenditur.
1885 1737 1907 1804 'I

496 1831 587 1900 enirn
606 1831 635 1917 §.
652 1829 758 1924 ejusd.¹
774 1827 911 1926 analyfis
928 1834 1041 1925 paucis
1057 1825 1115 1898 ista
1129 1825 1357 1910 constituitur,
1383 1851 1419 1898 ut
1433 1823 1603 1924 premissis
1621 1829 1681 1908 iis,
1705 1851 1780 1922 que
1793 1827 1834 1900 ad
1849 1829 1907 1904 relt

499 1924 534 1996 di
549 1923 739 1998 facultatem
755 1952 772 1996 a
787 1923 922 1998 summis
939 1923 1177 2020 paciscentibus
1198 1923 1378 1996 concessam
1403 1925 1602 2022 respiciunt,
1627 1925 1669 1994 de
1685 1929 1906 2020 Religionem

497 2025 585 2092 circa
605 2021 703 2093 finem
721 2023 896 2118 disponere
911 2022 1090 2118 tripliciter
1105 2025 1261 2117 incipiat:
1285 2023 1327 2115 a)
1353 2026 1502 2093 Domino
1523 2025 1616 2117 prius
1636 2021 1695 2119 ips
1711 2021 1895 2098 fimultanei

384 2165 391 2180 -.
500 2120 687 2211 Religionis
704 2117 986 2190 introdullionem
1002 2116 1189 2190 asserendo:
1213 2123 1255 2212 β)
1278 2118 1416 2191 subditis
1431 2145 1448 2190 a
1461 2123 1610 2190 Domino
1625 2121 1775 2192 reluente
1789 2119 1907 2195 dissenti

500 2214 591 2286 tibus
611 2215 758 2288 stabilem
781 2220 815 2287 in
832 2218 1004 2288 territorio
1020 2219 1283 2312 permanentiam
1304 2216 1344 2287 ab
1368 2220 1596 2310 emigrationis
1613 2214 1698 2311 jullu
1718 2221 1901 2293 immunem

499 2309 657 2396 buend03
683 2315 724 2408 p)
748 2319 802 2387 De
823 2313 960 2408 publico
984 2339 1064 2386 vero
1087 2316 1272 2406 Religionis
1299 2313 1509 2387 subditorum
1535 2311 1793 2388 dissentientium
1819 2342 1907 2392 exerc

499 2410 758 2494 transx'lioncm
773 2409 1018 2508 preservando.
1067 2419 1178 2508 Atque
1192 2413 1273 2483 dum
1290 2416 1322 2482 in
1340 2413 1392 2492 bis
1407 2411 1560 2483 omnibus
1576 2413 1664 2482 nulla
1681 2411 1820 2509 prorsus
1839 2419 1907 2512 Juti

500 2509 671 2600 Religioni
696 2510 835 2604 ejusque
860 2512 1017 2580 exercitio
1041 2510 1120 2581 alias
1149 2535 1353 2581 annexorum
1378 2515 1411 2580 in
1437 2511 1907 2602 totohncce§.xxv11.met

412 2597 417 2605 ’
500 2611 710 2690 continetur,
736 2608 813 2678 inde
836 2611 1005 2698 arguitur,
1031 2607 1120 2701 quod
1141 2611 1173 2675 in
1196 2614 1294 2678 tetris
1310 2610 1541 2706 oppignoratis
1562 2607 1601 2678 ad
1618 2607 1806 2681 debitorem
1827 2635 1907 2684 reret

499 2701 748 2785 nonobstante,
775 2702 831 2774 sed
850 2707 963 2799 potius
976 2701 1091 2774 silente
1110 2705 1143 2788 §.
1162 2725 1302 2786 xxvia,
1328 2705 1473 2796 generali
1492 2705 1523 2776 dt
1542 2705 1712 2777 communi
1737 2710 1849 2793 Pacis,
1874 2733 1905 2782 at

499 2803 670 2896 imprimis
697 2805 747 2888 §ui
771 2821 893 2880 xxxo,
925 2821 1082 2892 tanquam
1116 2803 1294 2896 praecipuae
1327 2826 1445 2872 eorum
1478 2799 1583 2890 sedis,
1617 2799 1821 2896 dispositioni
1853 2831 1907 2876 ann

501 2901 732 2970 MDCXXIV.
759 2897 807 2966 eis
828 2919 963 2996 quoque
979 2899 1158 2973 terminum
1176 2897 1207 2974 ἃ
1226 2923 1377 2974 normam
1392 2896 1605 2974 constituenti
1626 2903 1809 2980 etiamnum
1830 2903 1907 3001 subjt

500 3017 667 3070 mandans·

1156 3138 1184 3228 ς.
1233 3133 1328 3211 XII.

618 3263 712 3337 Idem
735 3287 969 3358 argumentum
989 3267 1029 3337 ad
1045 3265 1131 3340 bona
1148 3269 1179 3340 dt
1197 3275 1278 3366 Jura
1294 3291 1429 3365 quoque
1443 3265 1661 3340 Ecclesiastico
1682 3267 1876 3345 infleslitut.

500 3360 638 3456 quidem
666 3363 758 3435 &de
774 3367 824 3434 his
843 3365 956 3448 bonis,
982 3365 1163 3448 reditibus,
1188 3366 1396 3464 juribusque
1419 3363 1665 3448 Ecclesiasticis,
1696 3394 1907 3467 eorumque!

501 3456 635 3532 sessione
654 3462 764 3555 quoad
785 3459 932 3533 subditos
958 3485 1123 3534 tertarum
1146 3464 1227 3536 ultm
1251 3466 1569 3560 oppignoratarum,
1592 3489 1679 3536 nunc
1702 3491 1783 3537 veto
1804 3469 1845 3538 ad
1867 3493 1906 3565 pr

502 3581 582 3624 nunt
605 3562 809 3641 Dominum,
829 3565 956 3632 Statum
978 3560 1101 3631 scilicet
1120 3561 1325 3643 debitorem,
1349 3562 1527 3631 reluitione
1547 3561 1771 3645 reversatum,
1800 3567 1907 3638 nihili

498 3653 582 3723 ciale
598 3681 654 3726 aut
671 3659 731 3745 §vo
749 3679 869 3728 xxxi.
885 3662 1089 3728 contrarium
1107 3656 1300 3739 constituat,
1325 3659 1474 3752 adeoque
1489 3659 1578 3728 illtus
1595 3657 1842 3754 dispostionem
1863 3688 1906 3758 qu

500 3747 585 3820 boua
602 3751 818 3823 Ecclefiaslica
834 3780 909 3823 cum
925 3759 1081 3825 exercitio
1099 3757 1283 3847 Religionis
1300 3757 1388 3826 haud
1403 3781 1566 3835 connexa,
1593 3760 1662 3824 imo
1677 3763 1709 3825 in
1731 3761 1885 3830 omnibus
1901 3769 1907 3829 l

500 3851 592 3917 Pacis
610 3847 748 3942 passibus
768 3849 934 3932 dislinsls,
961 3859 1093 3950 penitus
1118 3853 1273 3924 insatiam
1291 3854 1457 3948 relinquat
1532 3853 1632 3952 Qtod
1655 3859 1744 3924 enim
1762 3859 1854 3928 nulla
1875 3859 1907 3929 bt

498 3967 574 4017 rum
593 3951 719 4018 mentio
736 3950 768 4016 in
785 3953 812 4038 ξ.
829 3954 975 4022 xxvu.
995 3975 1167 4031 occurrat,
1194 3953 1364 4020 notorium
1379 3947 1445 4031 esl,
1471 3949 1559 4020 &ad
1576 3951 1774 4024 evidentiam
1790 3960 1907 4026 cuicun

498 4043 552 4112 vel
571 4043 681 4113 obiter
700 4050 795 4133 §runt
811 4049 945 4117 citatum
960 4049 1144 4143 inspicienti
1167 4044 1315 4141 patescit.
1365 4051 1455 4116 Bona
1477 4072 1557 4117 veru
1574 4047 1614 4118 ab
1637 4053 1793 4121 exercitio
1812 4055 1844 4122 in
1867 4079 1907 4124 on

498 4135 561 4210 bus
579 4139 648 4214 sere
664 4145 753 4211 Pacis
774 4147 863 4234 §ivis
880 4140 1053 4236 distingui.
1081 4143 1156 4212 inde
1172 4142 1392 4233 dignoscitur,
1425 4145 1514 4236 quod
1538 4145 1738 4239 plerumque
1759 4149 1793 4218 in
1815 4149 1907 4222 dillit

499 4246 550 4326 §·§.
567 4235 815 4331 pertraclcntur
827 4247 885 4334 a),
912 4241 944 4310 dc
961 4237 1148 4310 dislinslum
1164 4265 1299 4336 quoque
1312 4242 1491 4310 terminum
1504 4242 1655 4322 habeant,
1673 4248 1867 4318 exercitium
1882 4275 1902 4345 q

498 4357 543 4429 pe
560 4360 792 4434 quamcunque
808 4341 883 4407 anni
898 4360 1050 4430 partem,
1075 4335 1238 4408 tcslitutio
1253 4363 1334 4410 vero
1349 4337 1514 4409 bonorum
1530 4337 1664 4435 praecise
1680 4343 1843 4416 Kalendas
1857 4351 1907 4444 Jat

496 4434 555 4506 tii.
606 4432 721 4528 Qtid?
747 4433 837 4530 quod
859 4458 980 4506 annexa
994 4435 1131 4508 inter&
1156 4434 1242 4508 bona
1257 4435 1476 4509 Ecclesiastica
1496 4439 1612 4530 ingens
1635 4441 1847 4518 intercedere
1868 4447 1903 4516 di

537 4694 580 4778 a)
600 4693 743 4762 Insirutu.
761 4695 793 4763 P.
808 4695 861 4765 W.
876 4697 945 4762 Art.
959 4695 999 4764 V.
1016 4696 1073 4781 §R
1086 4699 1175 4772 XIV.
1192 4699 1226 4788 dc
1240 4699 1322 4785 seqq.
1363 4697 1445 4768 Item
1458 4705 1484 4786 ς.
1498 4699 1604 4770 XXV.
1620 4701 1653 4770 dc
1670 4703 1731 4790 seq.

1799 4865 1817 4924 l
