4950 5567
483 559 555 643 nt
928 537 1585 664 ιιεειιιιιιο,

486 746 614 824 quinto
628 721 777 823 epitriut
789 721 857 821 iuri
870 719 1077 797 reformandi
1094 703 1320 798 Ddtninorum
1335 720 1612 797 Tertitoritlium
1628 720 1677 796 ibi
1693 712 1882 822 subjicitur,
1902 745 1952 824 pet

481 828 521 925 J.
537 826 573 895 P.
588 831 692 896 Aur.
714 829 754 900 V.
771 832 809 904 l.
829 846 909 908 30„
934 823 966 891 vi
982 824 1077 917 cujus
1095 820 1176 892 licut
1199 821 1249 892 illi
1271 823 1526 914 emigrationem
1547 822 1745 915 imponere,
1771 825 1818 894 its
1839 845 1957 921 quoque

370 955 373 960 ·
489 922 607 994 olienis
623 916 720 994 locris
737 919 823 989 intre
839 913 934 987 suum
954 914 1139 990 distiiltun
1154 911 1357 989 interdicere
1371 915 1513 1014 possunt.
1560 924 1672 1009 Neque
1692 924 1777 988 dites
1793 943 1860 990 ieri
1874 925 1959 994 esd·

492 1019 654 1105 Birbililr,
679 1009 871 1087 fucultatem
912 1014 1126 1086 rohibitiritm
1140 1012 1490 1108 circopubiicesoiunr
1510 1009 1596 1083 socri
1618 1012 1763 1096 veriori;
1793 1018 1869 1110 quir
1883 1018 1960 1089 enin

491 1134 560 1185 tom
582 1107 733 1203 angustos
753 1111 822 1205 juri
843 1037 1052 1183 redimendi
1078 1109 1275 1205 Principum
1297 1113 1436 1206 Imperii
1461 1108 1633 1181 Concellos
1654 1106 1795 1206 posuit?
1820 1112 1883 1184 hoe
1898 1109 1962 1187 stuc

381 1243 385 1251 ·
491 1204 619 1303 respuit
632 1207 755 1278 lemme
770 1203 855 1277 istud
869 1203 1121 1301 umpliffinrutn:
1148 1211 1245 1298 cuius
1260 1208 1303 1292 rii
1316 1213 1450 1300 tteligie,
1476 1210 1557 1275 itlius
1572 1206 1613 1291 eii
1627 1211 1662 1275 de
1680 1211 1842 1298 Religion
1856 1234 1962 1300 qeins·

492 1308 602 1379 dilidet
617 1307 781 1375 exercende
802 1301 976 1396 Dilprfitio.
1026 1303 1090 1374 Cui
1105 1323 1262 1395 tanquam
1278 1308 1395 1394 Regale
1408 1326 1450 1375 eo
1463 1297 1632 1372 fundatior
1646 1298 1882 1386 insistendum,
1906 1330 1961 1402 quo

490 1424 531 1475 er
545 1404 651 1493 mogis
666 1396 820 1470 firmetur
836 1422 899 1493 pet
914 1403 1124 1493 Exteprirnem
1139 1401 1227 1468 ciret
1243 1397 1388 1468 Nobiles
1404 1400 1567 1494 quosdam
1579 1400 1685 1482 Sitede
1700 1400 1736 1473 ld
1751 1400 1888 1491 Austiie
1900 1404 1962 1491 iile·

492 1503 600 1579 titiis,
625 1493 747 1593 quibus
767 1501 874 1568 Aur.
891 1498 935 1565 V.
958 1497 986 1583 i.
1009 1519 1066 1587 39.
1083 1496 1112 1565 is
1128 1516 1198 1590 prae
1218 1495 1358 1588 reliquis
1371 1490 1563 1565 Londsrliiis
1580 1486 1676 1565 furor
1694 1493 1853 1589 specialis
1870 1498 1961 1570 indul·

518 1618 613 1675 etur,
640 1616 677 1663 ut
691 1589 735 1662 ob
747 1597 790 1665 Α.
806 1595 844 1662 C.
863 1588 958 1661 bonis
972 1592 1091 1663 cedere
1110 1614 1177 1661 non
1192 1611 1385 1672 teneantur,
1408 1614 1517 1686 neque
1532 1613 1642 1662 tomen
1660 1590 1771 1661 ullum
1789 1593 1961 1689 Religionis

490 1618 557 1764 fue
573 1694 759 1761 Exeisiriuin
773 1685 821 1757 ibi
842 1689 1068 1782 permittitur,
1094 1684 1150 1758 ted
1165 1685 1206 1756 sd
1224 1684 1297 1758 loco
1310 1686 1417 1758 loluru
1436 1691 1543 1760 ricino
1555 1685 1664 1769 exire3
1691 1710 1770 1759 euin
1787 1692 1893 1781 igitur
1906 1695 1964 1766 het

492 1786 601 1859 veluti
616 1791 761 1880 Exceptio
772 1780 826 1878 jus
843 1779 1048 1856 reformandi
1068 1780 1202 1853 statibus
1212 1805 1407 1877 compereor
1422 1778 1574 1880 respediu
1587 1782 1772 1856 Nobilium
1789 1790 1897 1879 Silrfie
1909 1789 1962 1862 dtr.

491 1885 529 1956 in
546 1904 676 1953 tontum
694 1877 859 1962 courtier,
885 1902 923 1951 ut
946 1880 987 1949 ud
1010 1881 1264 1970 emigrrtionem
1285 1879 1517 1973 imperandum
1538 1881 1724 1975 procedere
1745 1907 1914 1978 nequeat,
1935 1890 1962 1956 io

489 1978 643 2073 reliquos
665 1977 870 2047 illimitotum
889 1973 1058 2074 peristit5
1089 1998 1123 2045 ot
1142 1996 1219 2044 cunr
1243 1999 1286 2048 ne
1310 1975 1376 2047 illis
1394 1974 1533 2073 quidem
1557 1978 1762 2050 Exercitium
1788 1983 1961 2074 Religionis

354 2152 358 2168 Ι
492 2075 664 2173 quoddam
688 2070 910 2151 concedatur,
947 2070 1087 2165 reliquis
1111 2069 1145 2139 id
1175 2070 1283 2143 tnulto
1307 2073 1412 2163 magis
1436 2072 1633 2165 denegatum
1658 2072 1786 2146 censeri
1814 2077 1921 2149 debet.
1936 2080 1962 2168 t)

493 2169 598 2244 Aliud
619 2168 736 2262 itidem
757 2163 866 2247 foret,
891 2163 913 2236 li
932 2170 1098 2239 Dominus
1119 2170 1354 2241 Territorisiii
1376 2170 1461 2242 hinc
1475 2170 1542 2241 illis
1564 2173 1706 2264 grotiim
1727 2171 1851 2270 largiti
1865 2175 1964 2259 uellet,

496 2285 555 2339 sut
569 2260 719 2365 polseffio
731 2287 809 2336 mni
824 2268 951 2335 irinati·
965 2261 1078 2335 habito
1092 2262 1269 2339 sdiistcret.

536 2433 577 2516 a)
597 2428 722 2497 munt
736 2432 819 2516 ,ραι
835 2430 981 2498 sunni.
1006 2429 1088 2498 nn.
1104 2430 1132 2499 1.
1149 2431 1218 2497 rii.
1234 2430 1263 2498 ι
1280 2381 1388 2499 Aa...
1406 2431 1438 2501 ι.
1453 2433 1490 2499 ιι
1508 2434 1652 2501 notin.
1666 2432 1709 2502 ιι

533 2548 570 2627 0)
586 2550 625 2615 In
648 2548 780 2617 Verbis:
815 2547 905 2632 Quod
924 2567 997 2612 uero
1012 2549 1055 2613 ud
1076 2549 1221 2621 Coittites,
1244 2548 1400 2623 Berones,
1424 2549 1544 2613 Nobiles
1564 2549 1627 2616 &o
1651 2554 1685 2615 iii
1706 2554 1837 2637 reliquis
1865 2555 1966 2641 Sitifis

607 2631 784 2728 Duratidus
798 2670 808 2704 ,
818 2632 893 2774 ff
922 2631 1094 2726 immediate
1125 2631 1167 2695 ud
1200 2631 1357 2693 &meroen
1382 2630 1514 2726 litgium
1536 2631 1690 2714 speffdnl,
1728 2644 1797 2731 tuiis
1824 2638 1967 2735 diemde

603 2709 748 2798 prasenti
767 2731 802 2774 sn
854 2710 952 2795 uflriu
973 2708 1124 2793 Inferiore
1145 2711 1284 2793 degentes
1310 2709 1455 2786 Comitis,
1484 2713 1622 2778 Berones
1646 2712 1686 2779 8
1710 2713 1836 2780 Nobiles
1856 2728 1967 2791 ultrum

607 2794 747 2878 quamuis
770 2789 912 2936 Ceparia
930 2790 1017 2935 ng‘
1041 2795 1088 2854 ori·
1098 2790 1154 2873 jus
1169 2788 1359 2872 resoriiiondi
1378 2792 1573 2857 Exertiliuiri
1594 2794 1766 2878 Religionis
1782 2818 1846 2861 iton
1862 2804 1965 2873 iniust

608 2891 701 2957 quoni
714 2873 785 2935 oli'is
831 2872 936 2953 egitur
1049 2871 1198 2955 insipidus
1212 2880 1373 2955 competat,
1393 2883 1493 2937 tumen
1507 2919 1516 2936 .
1532 2920 1541 2939 .
1559 2920 1567 2939 .
1584 2876 1627 2938 nd
1642 2879 1897 2944 tnnrimtloueni
1912 2881 1964 2945 lte

608 2957 672 3038 gite
695 2953 776 3035 Μαι.
800 2952 932 3023 Sueiia,
955 2949 995 3016 tr
1014 2955 1049 3015 in
1064 2953 1203 3035 gratiani
1218 2953 1464 3018 intercedentium
1477 2957 1522 3019 A.
1540 2956 1572 3020 C.
1589 2955 1734 3020 &aluum
1744 2965 1918 3042 permittit,
1936 2968 1965 3025 ul

609 3034 759 3117 ejusmodi
776 3034 903 3097 Comites
916 3030 979 3096 &u
997 3034 1033 3095 oli
1043 3030 1247 3129 profefflonem
1261 3035 1306 3098 A.
1324 3036 1356 3098 C.
1371 3036 1448 3108 loco,
1470 3046 1526 3099 out
1540 3036 1626 3099 donis
1639 3041 1737 3102 cedere
1750 3052 1808 3105 out
1822 3046 1967 3126 eiulgrurt

610 3135 672 3177 non
684 3124 860 3186 teneantur,
882 3135 933 3176 nei
946 3118 1037 3176 eliam
1049 3114 1268 3195 prohibeantur
1281 3115 1368 3180 ditio
1386 3114 1508 3199 Conseff.
1526 3117 1720 3183 Exercitiuni
1734 3123 1769 3184 in
1784 3125 1858 3187 lotis
1870 3127 1967 3190 vtitni

611 3204 704 3259 extro
723 3194 924 3258 Territoriuni
931 3193 1130 3278 frequentare
1145 3194 1208 3262 &n

536 3291 969 3401 quintusnullum&
984 3310 1046 3372 suae
1054 3311 1230 3391 Religionis
1238 3311 1441 3374 consortibus
1451 3310 1628 3377 Landlilsiis
1642 3315 1712 3395 pluo
1725 3316 1873 3398 largitur,
1883 3339 1966 3403 quin

612 3392 811 3457 Deuotionem
827 3391 1043 3473 Domefliioim
1066 3392 1282 3454 conlittentem
1302 3395 1333 3454 in
1347 3413 1406 3465 eo,
1428 3391 1451 3455 fi
1469 3394 1707 3474 paterfamilias,
1731 3411 1787 3458 aut
1800 3401 1883 3465 elius
1898 3424 1915 3466 e
1929 3402 1968 3466 ιι·

609 3475 695 3537 milia
709 3473 880 3553 ptaeeuudo
895 3474 926 3534 in
944 3492 1070 3553 preces,
1092 3476 1312 3553 praelegendo,
1334 3473 1554 3548 exhortando,
1574 3478 1733 3555 psallendo
1750 3480 1848 3543 Domi
1866 3485 1967 3546 Devo
2003 3489 2004 3542 t

609 3557 692 3617 tioni
709 3567 818 3626 vocet,
839 3554 941 3616 veluti
956 3552 1072 3633 furtim
1090 3552 1123 3614 di
1138 3555 1203 3636 stite
1220 3558 1281 3615 ullo
1293 3555 1440 3639 strepitis,
1464 3576 1523 3634 qno
1537 3558 1620 3620 rotie
1635 3567 1730 3639 negot
1745 3563 1967 3643 comprehendi
2003 3565 2004 3574 ’

610 3656 665 3708 ee,
686 3655 757 3715 quae
777 3635 840 3697 fine
861 3636 990 3716 persono
1010 3633 1222 3696 Eccletiastioo
1243 3637 1279 3697 ad
1301 3637 1419 3698 cultum
1442 3637 1592 3701 Divinum
1616 3642 1675 3700 rite
1695 3642 1841 3705 ordinata
1867 3645 1968 3728 peregi

609 3728 770 3813 nequeunt
778 3737 788 3789 ;
812 3730 906 3796 atque
932 3718 963 3776 in
986 3715 1049 3777 hoc
1071 3716 1176 3777 differt
1198 3717 1328 3777 Deuotio
1348 3718 1385 3779 rb
1407 3720 1566 3784 Exercilio
1583 3719 1760 3803 Religionis
1777 3723 1970 3795 Domestica

609 3796 685 3863 th.
708 3798 898 3863 HENNIN
900 3798 937 3863 G.
954 3798 992 3859 td
1006 3797 1082 3862 Art.
1096 3797 1136 3864 V.
1154 3798 1187 3879 ἓ.
1202 3817 1253 3880 34.
1268 3799 1301 3861 dc
1313 3818 1362 3882 39.
1375 3796 1402 3870 J.
1417 3799 1449 3865 Ρ.

1151 3982 1183 4069 t.
1234 3977 1329 4055 xii.

347 4149 468 4219 ffimp,
527 4155 529 4159 >
613 4114 780 4182 Caeterum
795 4136 855 4183 nec
875 4111 957 4183 iliud
978 4110 1395 4207 hicpraetermirrendum‚
1420 4107 1510 4202 quod
1533 4109 1660 4180 Eximio
1684 4111 1867 4192 Sacrorum
1887 4120 1969 4219 jun,

347 4233 473 4299 obiiti..
497 4203 617 4303 quibus
633 4211 664 4279 S.
683 4212 721 4278 R.
736 4213 769 4303 J.
791 4216 965 4279 immediate
984 4213 1139 4284 Nobilitas
1161 4207 1281 4280 aemulo
1304 4203 1448 4277 Staribus
1473 4206 1659 4301 Splendore
1682 4210 1860 4301 coruscat,
1896 4219 1970 4293 licut

347 4336 358 4378 ι
382 4315 450 4396 juti
497 4328 559 4400 per
575 4311 612 4374 Ρ.
642 4311 694 4380 W.
717 4299 919 4399 potiffimum
937 4301 1069 4376 accensa
1082 4302 1177 4387 sunt,
1203 4307 1248 4376 ito
1266 4306 1359 4374 noris
1381 4302 1483 4373 veluti
1508 4302 1609 4372 radiis
1625 4304 1815 4381 collustrari
1833 4312 1971 4402 fuerint,

347 4415 371 4460 rr
388 4392 480 4476 0¹91·
498 4425 560 4498 per
580 4397 765 4473 subsecutos
783 4404 1018 4493 capitulationes
1037 4407 1191 4490 cifereos.
1243 4405 1285 4471 Et
1306 4401 1460 4494 inprimis
1480 4422 1542 4493 per
1558 4401 1844 4493 Capitulttionem
1859 4417 1972 4486 Perdi.

347 4478 448 4543 ΜΟ·
498 4496 600 4571 nundi
611 4502 694 4585 tv..
717 4523 790 4597 quae
812 4500 1041 4599 quinquennio
1055 4496 1130 4595 post
1144 4495 1292 4572 Tibulae
1310 4491 1581 4593 Osnobtugcnses
1599 4500 1749 4594 excepit,
1776 4526 1816 4579 ut
1833 4532 1874 4583 ex
1888 4511 1973 4605 ejus·

1581 4734 1588 4792 ί
1896 4609 1974 4689 deur
