4950 5567
563 641 736 726 ,ernon
761 637 1152 724 stuutransuut
1176 640 1454 722 nocentur
1469 645 1754 732 urrtcncta.
1839 673 1907 760 3„

532 831 592 902 De
605 850 729 902 caetero
742 826 777 896 in
792 821 887 898 causa
901 821 1158 899 Hildeliensium
1172 827 1461 924 Capuccinorum,
1480 799 1658 906 nonnullos
1674 835 1782 911 adhuc
1798 839 1911 918 Statue

479 923 521 1004 C.
535 925 691 1000 addidios
706 949 745 998 ca
763 923 948 998 finceritate
964 922 1040 996 usos
1054 920 1171 1012 fuisse,
1190 946 1229 996 ut
1249 925 1356 998 literis
1370 930 1622 1003 Vouuurnrtr
1639 929 1747 1005 sensus
1765 935 1797 1010 dt
1813 964 1910 1014 men.

480 1024 722 1100 Paciscentitnn
744 1021 881 1100 testibus
896 1019 1160 1120 locupletissimis
1183 1018 1432 1109 assentirentur,
1458 1021 1578 1100 sufficit
1599 1024 1909 1111 aderucndan'm.
1946 1049 1952 1058 ·
2026 1067 2028 1072 ·

479 1141 497 1198 e
513 1125 818 1292 utriusquepartis
834 1125 1051 1196 Summortun
1067 1119 1401 1216 campaciscentium,
1426 1126 1678 1199 Catholicnrum
1702 1129 1855 1205 videlicet
1874 1136 1910 1210 dr

476 1221 679 1299 stellantium
719 1219 819 1293 altem
846 1218 1043 1316 aliquorum
1063 1216 1309 1318 conspirantem
1332 1241 1470 1304 mutuo,
1494 1223 1536 1296 de
1558 1221 1650 1298 sensu
1667 1225 1758 1300 Pasli
1781 1231 1908 1326 publici

476 1321 612 1396 entibus
637 1321 821 1392 etiamnum
846 1316 993 1390 statibus
1016 1341 1203 1412 eorumque
1218 1319 1353 1410 Legatis
1376 1323 1529 1417 proxime
1549 1326 1683 1414 cognito
1700 1322 1907 1415 sententiam,

476 1441 525 1493 tut
546 1424 826 1494 Psruurrtus
841 1414 885 1513 γ)
912 1414 1066 1499 telletut,
1091 1414 1232 1486 eosdem
1248 1418 1381 1490 veritati
1396 1443 1414 1490 a
1431 1419 1613 1492 Catholicis
1639 1422 1784 1496 Statibus
1806 1449 1909 1523 erpo·
2006 1491 2009 1498 .
2088 1433 2100 1446 '

476 1545 486 1590 e
503 1517 538 1590 dt
553 1515 678 1686 regqlae
693 1513 931 1596 Territoriali,
956 1537 1068 1586 mente
1082 1510 1320 1586 Paciscentium
1337 1538 1407 1588 tum
1422 1516 1552 1613 plenius
1569 1515 1761 1615 perspeel'n,
1783 1524 1906 1600 restsle·

476 1640 539 1690 non
555 1638 618 1713 pot
643 1609 711 1687 isse.
761 1616 806 1685 Et
819 1614 972 1710 quamvis
986 1611 1109 1710 reliqui
1118 1610 1365 1708 perobliquum
1381 1611 1415 1688 se
1430 1616 1592 1688 extricare
1607 1623 1822 1704 tentaverint,
1839 1649 1909 1697 me·

476 1719 505 1788 is
527 1737 642 1788 tamen
662 1709 986 1807 Compaciscentium
1010 1712 1116 1807 pertis
1141 1707 1335 1784 consensum
1355 1713 1500 1810 quiaque
1520 1713 1688 1806 intelligit.
1738 1722 1787 1790 Ea
1810 1723 1909 1794 nimi·

476 1835 585 1886 ntum
599 1805 902 1884 fuerantfeliciora
916 1831 1089 1905 tempora,
1115 1805 1173 1880 nbi
1195 1808 1304 1881 adhuc
1318 1813 1401 1883 Voti
1422 1815 1608 1884 communis
1631 1815 1772 1887 necdum
1789 1842 1909 1915 poten·

476 1935 525 1985 tea
546 1905 911 2004 incesseratcupiditas.
958 1913 1051 1979 Sicut
1075 1906 1110 1978 dt
1132 1930 1203 1978 tum
1221 1908 1334 1980 ceteri
1352 1912 1461 1980 Status
1478 1909 1696 1984 Proteslantes
1720 1915 1906 2007 religiosius
1985 1965 1987 1970 -
2037 1923 2059 1962 ='
2105 1931 2110 1940 ·

476 2013 516 2082 tis
530 2003 707 2102 Religiasae
724 2005 757 2078 dt
773 2004 927 2104 Wellph.
942 2029 1058 2078 recens
1073 2002 1223 2076 stabilite
1244 2005 1510 2101 prohibitionem
1532 2008 1739 2082 attendentes
1760 2015 1905 2091 necdum
2030 2061 2035 2074 .

476 2103 628 2182 ereffator
648 2103 681 2178 se
695 2102 895 2186 credidere,
929 2126 966 2175 ut
985 2126 1105 2176 eorum
1123 2099 1298 2175 consensus
1318 2102 1359 2176 ad
1382 2103 1586 2177 validitatem
1608 2105 1786 2182 Paslorum
1801 2137 1819 2183 a
1833 2109 1906 2186 sub·

475 2205 634 2298 italienis
649 2227 726 2277 cnm
738 2204 889 2275 Domino
909 2227 1030 2276 eorum
1045 2200 1264 2274 Territoriali
1284 2200 1509 2276 ineundorum
1524 2205 1767 2300 requireretur.

535 2335 827 2437 Aequiescentiam
860 2334 997 2409 demum
1027 2329 1246 2428 Magistratus
1270 2333 1490 2434 Municipalis
1517 2334 1558 2408 ab
1584 2334 1727 2435 ipsomet
1754 2345 1904 2419 Domino

475 2451 575 2510 'wa
586 2457 643 2509 εκ
656 2456 666 2507 r
679 2455 704 2506 ο
722 2433 937 2532 spontaneam
952 2433 1064 2513 credi,
1090 2433 1215 2501 nemini
1231 2429 1444 2527 persuadebit
1459 2437 1493 2504 in
1511 2458 1565 2515 re,
1591 2459 1691 2532 quam
1708 2463 1803 2512 antea
1819 2440 1905 2514 sum·
2023 2475 2032 2493 ·

475 2555 573 2610 eum
595 2532 769 2608 insolentia
790 2553 890 2628 atquc
906 2527 1086 2630 speslaculi
1106 2523 1256 2602 foeditate
1271 2551 1509 2616 attentaverat,
1535 2531 1569 2601 u
1584 2537 1659 2627 pari
1679 2542 1903 2625 contentione,

475 2637 563 2710 :irato
581 2633 624 2708 ad
645 2631 681 2706 id
697 2628 835 2730 Circulo
859 2631 1020 2728 Saronico
1043 2621 1204 2702 Inferiori
1229 2629 1393 2706 acerrime
1416 2623 1629 2714 sustinuerat,
1653 2627 1734 2705 dum
1758 2631 1903 2808 sluqqqsg

475 2907 511 3008 p)
536 2917 802 2988 Ptnuunnns
827 2909 1135 2980 Histoncnmit.1m
1160 2909 1258 2979 .Lib.
1277 2905 1384 2980 XVII.
1409 2912 1439 2992 §.
1459 2909 1578 2981 XLIX.
1602 2913 1828 3000 elegantissime
1853 2937 1903 2986 re·

536 3005 644 3070 censet
670 3010 854 3088 argumenta
881 2997 1093 3062 acatholicis
1121 2934 1279 3074 thegan,
1311 3013 1383 3076 quae
1408 2994 1471 3058 huc
1497 2996 1613 3062 referre
1636 2997 1903 3084 supervacaneum

530 3089 687 3156 censetur,
741 3084 826 3148 Tum
852 3080 953 3142 subdit
969 3083 999 3159 §.
1022 3078 1058 3142 L.
1100 3079 1169 3142 ”Et
1190 3079 1280 3140 suere
1308 3098 1353 3140 ex
1381 3075 1607 3158 Evangelicia,
1638 3083 1692 3164 qni
1732 3103 1803 3147 narn
1826 3105 1903 3150 rere

530 3171 590 3238 ilia
611 3172 810 3239 dicerentur,
846 3163 1035 3245 quantisque
1058 3162 1263 3223 monimentis
1289 3158 1462 3222 insisterent
1481 3161 1645 3238 Caholici,
1683 3101 1738 3246 iph
1755 3167 1903 3232 adverte·

530 3265 615 3319 rent.
669 3251 751 3316 Sane
770 3246 1015 3327 Osnnbrugaein
1040 3241 1112 3324 ipsts
1134 3242 1230 3324 hujus
1262 3241 1387 3322 negotii
1412 3242 1610 3322 primordiis,
1640 3246 1674 3308 in
1700 3267 1769 3312 earn
1793 3247 1904 3314 Evan-

531 3338 659 3422 gelicoa
688 3332 941 3410 catholicosque
960 3327 1020 3388 hac
1040 3324 1147 3388 saltent
1168 3325 1201 3389 in
1221 3342 1255 3386 re
1275 3341 1340 3385 non
1363 3323 1565 3401 dissidentes,
1601 3327 1751 3393 coaluisse
1777 3331 1902 3398 senten·

530 3423 631 3492 tiam,
659 3416 827 3482 Sacrorum
857 3410 1118 3474 instituendorum
1146 3406 1332 3469 facultatem
1354 3425 1450 3487 penes
1474 3427 1546 3470 enm
1572 3405 1654 3481 esse,
1686 3414 1740 3493 qni
1765 3414 1900 3498 imperio

533 3504 698 3588 potiatur,
718 3501 762 3562 ita
774 3510 880 3560 tamen
901 3493 1155 3574 temperandam,
1181 3499 1218 3552 ut
1242 3487 1387 3570 lubjeslis
1409 3488 1586 3572 Religionis
1603 3491 1811 3576 Evangelicae
1826 3501 1902 3563 reti·

532 3585 648 3650 nendos
668 3580 918 3657 exercendaeqne
931 3576 1025 3637 venia
1040 3572 1151 3646 fieret;
1173 3573 1262 3653 queis
1279 3574 1415 3654 primum
1437 3572 1519 3636 ultra
1535 3574 1709 3654 largituros
1725 3575 1785 3642 sale
1804 3597 1903 3663 negt·

533 3678 611 3733 runt
623 3663 801 3737 Catholici,
825 3679 918 3743 quam
932 3668 1022 3720 uteo
1043 3673 1147 3718 rernm
1168 3653 1321 3717 sacrarum
1336 3654 1417 3717 statu
1439 3657 1533 3716 unius
1548 3655 1653 3719 saeculi
1668 3658 1749 3721 intra
1769 3659 1902 3742 spatium

532 3749 586 3818 isti
600 3749 739 3834 gandete
751 3751 928 3830 pergerent,
948 3738 1050 3822 qualis
1074 3736 1171 3799 Anno
1188 3755 1437 3801 c1o1ncxxv11.
1459 3735 1581 3811 fuisset3
1598 3738 1702 3801 donec
1719 3747 1762 3802 eo'
1776 3746 1902 3811 tandem

534 3835 771 3901 decurremus,
794 3841 846 3898 ut,
871 3842 942 3907 qnae
954 3823 1051 3884 Anno
1073 3816 1286 3886 MDCXXIV.
1301 3817 1430 3881 iliorum
1449 3817 1551 3880 suerat
1566 3821 1728 3892 conditio,
1752 3844 1787 3886 ea
1803 3846 1902 3908 porro

533 3926 690 4014 perpetua
698 3910 789 4012 esset.
831 3908 880 4054 {lta
893 3907 1014 3970 civium
1026 3903 1182 4048 religiqnd
1190 3898 1564 4046 satiqconsqlnissqltatos
1578 3902 1738 3978 Proceres,
1753 3908 1831 4006 {tlhil
1848 3912 1904 3974 de·

533 3995 1053 4160 rssltrsuttnstt:
1074 4002 1353 4165 restitns
1367 4001 1674 4148 {restruet
1694 4006 1738 4146 ¹2⁰,
1754 4007 1903 4154 stes

532 4164 726 4230 exercitium
754 4159 820 4222 stvc
835 4156 994 4240 publicum
1018 4153 1085 4215 stve
1108 4151 1268 4233 privatum
1290 4169 1328 4210 trs
1342 4158 1557 4230 permaneret,
1580 4163 1735 4234 qnatenus
1757 4156 1789 4218 id
1805 4156 1904 4218 Anno

532 4241 750 4312 MDCXXlV.
772 4241 959 4304 exercitium
974 4236 1088 4304 fuerit,
1110 4245 1205 4313 atque
1217 4230 1307 4296 fuisse
1320 4231 1444 4312 probari
1460 4241 1564 4310 queat.
1605 4231 1752 4298 Coerceri
1767 4235 1903 4302 voluisse

534 4329 593 4406 qu.
608 4327 805 4408 principum,
828 4341 893 4404 qno
909 4318 1054 4398 subjettis
1068 4335 1183 4398 gravas
1199 4313 1262 4379 esse
1278 4312 1416 4395 possent,
1432 4331 1497 4375 non
1510 4332 1575 4396 quo
1591 4313 1654 4382 stne
1668 4318 1781 4380 horum
1795 4319 1904 4383 stende

535 4429 696 4493 noxaque
716 4416 891 4470 uterentur.
948 4402 1080 4482 Regulae
1103 4397 1196 4470 inniti
1225 4396 1392 4468 Procetes,
1414 4414 1507 4477 qnam
1531 4401 1725 4481 exceptione
1740 4401 1770 4462 in
1784 4399 1903 4466 cssrbus
2006 4421 2013 4432 ·

535 4514 606 4562 non
623 4493 770 4572 exceptis
786 4487 920 4554 firmari,
943 4483 1105 4545 communi
1120 4479 1423 4554 Jttrisconsultornnt
1440 4477 1564 4542 adsensu
1578 4490 1738 4562 receptum
1752 4481 1798 4544 lit.
1843 4482 1903 4545 Ni·

536 4580 600 4642 mis
614 4573 786 4641 incirilitar
800 4570 954 4633 licentiam
972 4564 1117 4649 usurpare
1133 4561 1309 4642 tnbjettoa,
1328 4560 1351 4624 st
1364 4560 1509 4625 libertate
1523 4561 1666 4625 concessa
1678 4580 1743 4623 non
1758 4565 1904 4630 contenti

537 4657 773 4741 Imperantibns
798 4654 904 4731 legem
925 4651 1120 4732 modumque
1135 4646 1270 4713 statuere
1296 4643 1450 4721 audeant,
1472 4643 1565 4710 Secta
1587 4643 1639 4710 sue
1656 4643 1742 4710 nulla
1764 4644 1904 4730 ipsorum
1985 4649 1995 4680 ‘

537 4760 616 4810 eunt
638 4736 782 4808 molestia
803 4732 983 4812 obeundi„
