4950 5567
575 621 622 696 54
991 579 1651 692 orssntcrsrto‘

576 766 818 848 commendate
833 761 1037 867 Reipublicae
1052 763 1179 840 Rebior
1199 789 1237 838 sc
1255 761 1432 839 Proteiior
1454 761 1553 838 slatus
1569 760 1802 849 Eccleliallici,
1825 788 1888 840 nec
1903 791 1971 841 non
1985 770 2063 846 nea·

576 870 720 972 publice:
732 867 910 968 spiritualis
920 863 974 952 lit,
1002 865 1043 937 ad
1064 866 1205 962 ejusque
1219 860 1367 936 officium
1381 867 1547 961 pertineat
1562 862 1646 935 salus
1661 866 1800 961 populi,
1826 871 1921 962 quies
1933 868 1965 940 ἃ
1977 892 2066 942 trau·

578 969 729 1070 quillitas
745 963 876 1064 publica
896 987 904 1047 ;
933 987 996 1060 per
1022 959 1234 1038 necessariam
1256 960 1335 1035 inde
1354 958 1521 1060 sequelam
1537 960 1644 1035 fluere
1664 964 1886 1046 contendunt,
1912 966 2007 1061 quod
2024 970 2066 1041 iis

580 1065 738 1142 omnibus
760 1066 793 1133 in
816 1059 958 1145 cafibus,
992 1063 1026 1132 in
1052 1059 1173 1158 quibus
1199 1060 1389 1157 periculum
1412 1062 1587 1143 imminet,
1609 1084 1652 1133 ne
1678 1060 1832 1133 turbetur
1851 1063 2068 1160 Respublica,

580 1164 635 1240 vel
651 1163 888 1237 detrimentum
905 1158 1074 1257 quoddam
1094 1158 1184 1232 haud
1203 1159 1277 1231 leve
1290 1160 1457 1255 patiatur,
1484 1154 1580 1256 polstt
1599 1183 1665 1256 pto
1683 1157 1915 1232 conservandis
1931 1159 2069 1256 juribtis

580 1259 700 1344 slatus,
726 1283 788 1331 nec
809 1282 876 1332 non
895 1254 1117 1330 rullodicndie
1140 1253 1274 1340 intaIIis
1299 1257 1492 1329 inveteratis
1516 1257 1767 1354 provinciarum
1791 1257 1825 1330 dt
1847 1257 2070 1334 Ecclestarum

581 1355 836 1434 rationabilibus
859 1351 1151 1429 consuetudinibus
1170 1358 1389 1470 interponere
1409 1358 1613 1428 oeconomice
1628 1352 1867 1452 protesiricem
1887 1358 2073 1433 authorita-

581 1453 884 1634 {Ilszstll's
900 1449 1700 1653 libis‘illiciis'ierlffislslfiolislclls
1714 1454 1948 1630 {lsslli
1977 1459 2073 1536 ⁰¹³⁰³

1212 1789 1244 1878 §.
1291 1781 1459 1860 XVIII.

699 1915 954 1992 Observandum
970 1919 1026 1993 hic
1040 1919 1201 2004 ulterius,
1225 1918 1317 2017 quod
1332 1943 1471 1990 nonnun
1497 1940 1575 1990 uam
1598 1919 1736 1991 mtteria
1758 1919 1860 1992 mixta
1876 1913 2009 2004 existat,
2038 1915 2077 1996 ἃ

585 2013 733 2090 rationes
751 2016 850 2087 llatus
869 2017 1018 2111 publicas
1035 2015 1216 2114 disciplinae
1234 2016 1408 2111 &politic
1418 1942 1644 2088 Ecclesiasticae
1655 2016 1832 2114 implicitas
1851 2014 1945 2088 simul
1958 2041 2079 2094 num*

586 2133 655 2195 ret,
681 2137 787 2209 esque
802 2118 894 2186 vario
908 2112 967 2187 sub
980 2112 1134 2213 tespeRu
1147 2113 1351 2189 considerata
1372 2139 1390 2186 a
1406 2111 1540 2187 diversis
1557 2110 1773 2210 potestatibus
1795 2110 2017 2189 Ecclesiastico
2039 2113 2078 2192 dt

585 2205 734 2282 seculari
752 2213 911 2306 pendeat;
936 2211 1010 2285 lunt
1027 2215 1155 2312 quippe
1177 2236 1267 2322 certa
1287 2214 1501 2306 negotiorum
1522 2234 1662 2325 genere,
1691 2215 1725 2283 in
1749 2210 1870 2308 quibus
1894 2211 1948 2296 id,
1979 2211 2079 2312 quod

587 2302 796 2405 spiritualem
812 2307 967 2405 respicit,
993 2335 1117 2383 tentam
1133 2336 1209 2383 rum
1232 2311 1321 2384 civili
1348 2307 1412 2384 live
1426 2309 1604 2422 temporali
1628 2314 1866 2424 connexionem
1888 2307 2009 2424 habet,
2036 2333 2078 2388 ut

589 2403 681 2496 leges
697 2404 925 2481 Ecclesrallicae
942 2405 1100 2482 effessum
1116 2406 1227 2481 sortiri
1244 2432 1430 2506 nequeant,
1449 2411 1506 2478 nilr
1524 2409 1633 2505 eliqua
1649 2407 1841 2505 reipubltcae
1854 2411 2013 2500 regimini
2028 2412 2080 2482 in·

433 2519 446 2530 “
588 2497 721 2576 feratur
735 2507 893 2578 mutatio:
922 2508 971 2578 ba:
988 2533 1042 2579 res
1059 2510 1230 2604 pertinent
1249 2509 1386 2603 quidem
1410 2505 1449 2576 ad
1474 2504 1668 2602 potestatem
1685 2508 1906 2603 Superiorum
1921 2504 2082 2581 Ecclesia·

589 2597 769 2685 Ilicorum,
794 2628 894 2698 quam
912 2600 958 2678 ess
974 2609 1066 2677 Deus
1089 2607 1154 2676 illis
1168 2605 1327 2696 largitus:
1354 2626 1471 2674 vetum
1485 2602 1610 2674 eedem
1633 2601 1673 2674 ab
1691 2603 1827 2674 illorum
1844 2601 2083 2698 jurisdisiione

589 2721 659 2772 non
679 2699 826 2797 pendent
839 2703 1016 2785 duntaxst;
1032 2699 1098 2790 sed
1113 2700 1146 2771 dr
1166 2725 1184 2770 a
1199 2698 1427 2795 Principibus,
1453 2699 1541 2770 unde
1554 2699 1594 2770 sd
1614 2725 1729 2773 esrum
1746 2701 1799 2775 vel
1822 2704 2009 2785 rationem,
2023 2701 2084 2776 vel

589 2792 706 2871 saltem
726 2803 972 2880 executionem,
997 2798 1192 2892 Principum
1210 2794 1414 2869 voluntatem
1431 2794 1676 2895 &potestatem
1689 2823 1892 2872 concurrere
1909 2801 1984 2897 quis
2002 2795 2084 2873 infi-

590 2895 757 2965 ciabitur?
781 2893 995 2984 nequeenim
1015 2893 1148 2986 Religio
1165 2896 1286 2966 evertit
1300 2897 1505 2986 Regionem,
1529 2921 1588 2967 nec
1604 2896 1756 2970 Christus
1773 2922 1834 2993 per
1860 2893 1951 2972 surm
1966 2898 2084 2978 Eccle-

591 2986 671 3068 fiam
685 2986 896 3091 Principibus
912 2988 946 3064 dr
962 2988 1109 3088 Regibus
1125 2993 1228 3096 eripit
1241 2991 1415 3082 mortalia,
1442 2996 1501 3096 qui
1516 2998 1632 3090 Regna
1645 2995 1700 3069 dat
1715 2991 1869 3070 colellie.

1231 3210 1274 3303 q.
1323 3204 1436 3282 xm.

687 3331 693 3340 '
711 3331 850 3409 Indulsit
870 3333 1006 3435 insuper
1019 3323 1181 3421 Ecclefia,
1206 3360 1246 3410 ur
1261 3338 1300 3412 sb
1316 3336 1581 3438 Imperatoribus
1606 3336 1640 3412 cir
1660 3337 1808 3434 Regibus
1827 3340 2087 3418 nominarentur

595 3423 775 3530 Episcopi,
800 3434 833 3507 id
852 3432 916 3517 ell,
944 3434 1194 3528 desgnstentur
1207 3436 1357 3534 personae
1372 3436 1554 3512 adsacrum
1573 3435 1793 3535 Episcopatus
1807 3439 1972 3510 Ordinem
1987 3465 2089 3514 cano·

595 3530 673 3600 nice
687 3531 924 3627 promovendae
940 3532 973 3606 ὰ
993 3531 1220 3606 consecrandae
1236 3560 1276 3607 ex
1286 3535 1361 3632 jure
1375 3535 1520 3634 quodam
1537 3557 1751 3634 potronatus,
1772 3561 1848 3607 cum
1863 3535 2086 3635 Episcopatus

595 3625 779 3796 plerosque
794 3630 896 3704 iidem
915 3635 1097 3715 erexerint,
1121 3632 1308 3730 &praediis
1327 3632 1578 3732 ditionibusque
1600 3633 1666 3706 suis
1682 3633 1940 3729 locupletarint,
1970 3659 2007 3708 rc
2029 3636 2089 3710 de·

554 3771 559 3782 ·
615 3725 768 3800 enderint
782 3727 823 3801 ab
844 3725 1053 3804 infestatione
1067 3729 1211 3803 aliorum
1232 3734 1444 3829 Principum,
1476 3735 1704 3830 potentiorum
1728 3732 1959 3804 molitionibus
1981 3732 2015 3806 dr
2036 3735 2088 3805 in·

596 3821 764 3896 cursiones
779 3831 929 3919 gentium
945 3823 1184 3927 propulsarint.
1225 3833 1353 3927 Neque
1376 3825 1474 3901 facile
1489 3826 1691 3903 abstinebant
1706 3833 1932 3926 Imperatores
1951 3855 1969 3900 a
1991 3845 2089 3927 poteu'

598 3911 701 4005 llere,
726 3944 848 4019 quanta
864 3929 1006 3998 maxima
1020 3923 1078 3997 fibi
1127 3925 1378 4037 ermittebatur,
1404 3948 1603 4024 propterea,
1637 3924 1728 4020 quod
1752 3932 1929 4023 permagni
1952 3927 2091 4004 interel-

598 4013 667 4100 set,
687 4041 738 4133 ‘ut
761 4019 847 4092 fidos
870 4019 929 4093 sibi
953 4020 986 4095 dr
1009 3949 1244 4097 sddilllllimos
1265 4024 1418 4097 viderent
1433 4019 1618 4121 Episcopus
1640 4025 1782 4095 maxime
1799 4028 1832 4094 in
1849 4028 2033 4099 Germania
2054 4027 2090 4104 dr

603 4112 738 4198 Gallia,
765 4117 886 4215 quibus
905 4115 1093 4193 fiduciariae
1106 4119 1322 4195 conferebant
1337 4123 1476 4218 Imperii
1493 4120 1636 4193 ditiones
1653 4119 1685 4190 dr
1701 4123 1911 4203 Provincias,
1947 4124 1980 4197 dr
2001 4150 2089 4223 quos

601 4236 680 4288 cum
696 4215 905 4312 Principibus
922 4214 1129 4291 saeculsribus
1144 4219 1291 4291 habituri
1306 4240 1401 4291 ernnt
1413 4220 1555 4315 Imperii
1577 4216 1716 4310 regendi
1731 4244 1814 4290 con·
1824 4217 1962 4295 vasallos
1984 4223 2091 4298 &ad-

603 4307 795 4398 ministram
819 4314 860 4386 sd
878 4311 980 4386 cellro
998 4317 1087 4387 enim
1106 4315 1139 4387 ὅ(
1155 4317 1195 4387 ad
1211 4317 1367 4388 militiam
1384 4314 1542 4414 Episcopi
1557 4315 1822 4412 Imperatoribus
1838 4343 1914 4392 cum
1931 4317 1995 4393 suis
2016 4325 2092 4420 qui·

604 4434 675 4506 que
688 4413 796 4509 copiis
810 4410 1011 4484 militaribus
1034 4409 1099 4483 sese
1114 4412 1356 4506 adjungebant3
1406 4415 1512 4510 uippe
1528 4438 1593 4485 non
1608 4414 1794 4507 Religionis
1817 4415 1972 4489 duntaxat
1991 4443 2090 4494 erant

441 4557 456 4574 -.
603 4506 1277 4608 munimentaEpiscopatus&Abbatiae,
1308 4509 1364 4583 sed
1442 4513 1602 4609 Impetii;
1639 4534 1739 4608 atque
1760 4507 1820 4582 sub
1843 4513 1931 4585 idem
1954 4537 2091 4614 tempus

604 4625 661 4684 sea
684 4608 725 4683 ad
749 4631 827 4688 eum
846 4607 1049 4722 gerebantur
1066 4607 1225 4694 modum,
1255 4631 1326 4706 quo
1348 4605 1500 4686 funditus
1524 4634 1593 4686 non
1614 4604 1905 4684 summoverentur
1924 4609 2093 4712 ablmpe·

1632 4744 1635 4748 ·
2003 4738 2096 4790 rato·
