4950 5567
481 619 565 706 ‘558

567 1613 582 1662 .·
614 1599 780 1744 priarunt,
801 1596 875 1658 dum
887 1594 943 1667 Jus
954 1595 1172 1658 Dioecesanum
1190 1596 1342 1692 usquead
1358 1595 1564 1658 Amicabilem
1577 1591 1902 1674 Compofitiouemsu

660 563 752 600 ”’
941 539 1519 696 nisenii-auro

609 779 757 856 suerunt,
778 782 874 848 etiam
885 791 959 847 aute
971 781 1234 846 reformationem
1250 773 1393 842 addicere
1405 775 1546 842 Statibua
1557 768 1735 841 Catholicla
1749 773 1869 842 multia
1881 787 1982 850 exem-¹

608 867 671 951 plia
689 865 745 939 lua
765 866 867 938 illud,
894 866 982 948 quod
1004 865 1088 927 circa
1099 861 1195 926 Sacra
1216 863 1414 935 nominatur,
1442 864 1596 924 minorem
1617 857 1920 940 quoque'·evertere
1941 863 1980 926 ita

610 948 740 1010 videtur
755 956 870 1009 votum
885 945 1071 1018 Suecicum,
1093 945 1249 1026 primariae
1264 941 1408 1005 Personae
1422 942 1456 1005 iu
1470 941 1666 1006 illustrissima
1684 941 1740 1004 illa
1761 939 1980 1006 Paciliectioua

610 1028 665 1112 sub
678 1027 739 1092 Lit.
747 1026 781 1093 B.
795 1027 994 1109 adiunttum,
1010 1027 1049 1088 ad
1061 1025 1154 1106 cujus
1165 1025 1263 1088 verba
1274 1023 1423 1098 clariora,
1444 1026 1584 1106 inibique
1598 1021 1866 1119 comprehensam
1879 1023 1981 1108 proba·

611 1113 734 1174 tionem
751 1113 840 1172 omui
857 1110 957 1171 modo
968 1108 1152 1182 meliorem,
1174 1125 1241 1188 quo
1254 1107 1391 1188 tempori
1404 1125 1587 1189 parcamus,
1607 1115 1724 1167 merito
1737 1103 1978 1186 provocando·

611 1188 674 1255 elie
686 1191 913 1270 judicavimus.
955 1189 1077 1252 Deinde
1097 1199 1266 1271 propterea
1278 1185 1431 1251 hastenua
1445 1184 1880 1270 opiniouiViriPerillustris
1898 1203 1977 1248 acea·

612 1272 688 1336 dere
701 1270 1061 1345 meritodubitavimus,
1096 1272 1240 1332 uomodo
1251 1271 1336 1332 enim
1351 1289 1395 1331 ex
1406 1281 1494 1351 parte
1503 1266 1838 1332 Protestantiumillud
1847 1267 1977 1330 assertura

613 1353 750 1416 ulterius
766 1351 893 1414 defendi
908 1349 1022 1433 potest.
1088 1361 1173 1414 tatus
1185 1349 1372 1414 Catholicos
1384 1348 1441 1422 Jus
1456 1353 1539 1414 circa
1551 1351 1645 1414 Sacra
1655 1347 1892 1429 Maiestaticum
1907 1367 1975 1412 uuu-
1992 1396 1999 1412 .

613 1454 707 1518 quam
723 1435 766 1496 bu
789 1433 960 1496 erioritatis
973 1429 1189 1496 Terrirorialis
1203 1431 1429 1494 cousettarium
1443 1432 1564 1496 dixisse.
1592 1430 1709 1494 Nonne
1721 1429 1889 1495 Catholici
1902 1436 1974 1494 eraut

614 1452 880 1598 compaciiieutea
894 1515 927 1576 in
947 1513 1043 1585 Pace,
1064 1532 1171 1577 nonne
1185 1511 1252 1586 Juri
1272 1507 1441 1576 Territorii
1461 1513 1517 1586 Jus
1540 1514 1642 1575 hocce
1657 1511 1859 1587 Quaestiouis
1876 1513 1972 1654 adpro·

1915 1610 1974 1678 p,

542 1723 547 1734 ·
630 1700 682 1743 um
695 1678 852 1749 dixerint,
871 1676 986 1740 liillud
998 1675 1146 1740 elicitum
1161 1674 1330 1739 Terntorii
1344 1675 1425 1750 eise,
1446 1697 1511 1739 non
1528 1675 1617 1739 fimul
1631 1672 1829 1749 statuilieut,
1849 1691 1972 1758 quomo·

615 1765 661 1827 do
677 1758 756 1824 illud
775 1777 836 1840 qua
849 1759 913 1821 tale
926 1777 1061 1841 unquam
1076 1759 1117 1820 ad·
1139 1757 1348 1820 Protestantea
1363 1756 1472 1821 Status
1487 1779 1530 1821 ex
1544 1757 1638 1839 pasto
1655 1755 1868 1840 perveuiffet,
1890 1773 1973 1840 quru-

618 1847 662 1908 do
678 1840 812 1903 ulterius
829 1851 997 1919 negaretur
1009 1842 1041 1902 in
1057 1839 1198 1903 Statibus
1213 1838 1327 1901 uostris
1341 1837 1425 1909 Juris
1437 1839 1654 1903 'I'erritorialia
1668 1839 1759 1912 Idea,
1781 1839 1907 1901 Deinde
1917 1837 1972 1920 quia

619 1923 728 2010 quaeso
751 1923 789 1984 ad
805 1922 882 1984 illud
898 1921 952 1985 libi
967 1920 1210 2002 persuadendum
1226 1920 1340 1981 adduci
1356 1917 1474 2001 posset,
1497 1942 1569 1984 curn
1589 1921 1676 1983 omui
1691 1920 1883 1983 credulitate
1895 1917 1974 1982 deili-

620 2014 729 2069 tuatur
753 2004 832 2067 illud
852 2000 1014 2073 assertum,
1042 2001 1151 2063 Status
1171 2000 1359 2063 catholicos
1379 2002 1562 2065 transtulisse
1581 2002 1638 2076 Jus
1660 2004 1742 2065 circa
1760 1999 1858 2065 Sacra
1878 2001 1974 2066 inriru

619 2086 810 2154 Tenitorii,
832 2084 956 2145 ratione
971 2083 1090 2163 proprii
1109 2079 1192 2153 Juria
1212 2099 1293 2144 vero
1311 2084 1345 2146 in
1361 2082 1411 2146 cul
1435 2105 1452 2146 a
1471 2083 1578 2157 fuisse,
1598 2084 1738 2147 subditoa
1756 2083 1852 2156 suos,
1876 2100 1996 2164 quosa.

622 2170 696 2246 Jure
712 2163 898 2228 Diuecesano
910 2161 1028 2225 liberos
1045 2163 1211 2235 dixerunt,
1234 2183 1276 2226 eo
1288 2165 1354 2245 ipso
1371 2105 1474 2230 farios
1490 2165 1579 2228 fuisse
1598 2166 1747 2235 interra,
1772 2166 1892 2229 intuitu
1906 2163 1975 2227 Reli·

623 2247 750 2332 gionis,
771 2243 1035 2328 independentes,
1054 2254 1086 2307 et
1102 2244 1125 2307 fi
1142 2245 1245 2307 rident
1266 2244 1477 2310 Protestantes
1492 2246 1663 2310 Ecclesiam
1680 2245 1875 2310 constituere
1895 2246 1976 2309 Rem·

647 2329 783 2391 ublicam
809 2328 842 2387 iu
860 2326 1045 2408 Republica,
1072 2326 1126 2389 vel
1144 2325 1267 2390 Statum
1289 2329 1321 2390 in
1343 2326 1456 2402 Statu,
1482 2330 1598 2392 merito
1616 2349 1677 2391 una
1694 2329 1853 2400 ridemus,
1873 2329 1934 2390 drri
1950 2328 1975 2388 iu

623 2351 690 2477 iilis
718 2407 847 2470 subditis
868 2419 1059 2488 conceptum
1080 2406 1189 2470 Status
1213 2409 1363 2470 naturalis
1391 2411 1579 2473 incivitate
1608 2410 1779 2474 constituta
1801 2407 1975 2493 reperiundi.

623 2493 745 2559 Durior
754 2490 847 2554 nimia
866 2487 942 2552 esset
956 2491 1011 2554 ille
1028 2493 1061 2556 in
1079 2489 1237 2571 Principes
1260 2490 1463 2563 catholicos,
1484 2494 1537 2573 qui
1555 2495 1600 2556 ita
1618 2492 1692 2555 dum
1707 2495 1898 2554 antecedens
1911 2487 1976 2555 illud

625 2573 781 2642 adstruit,
814 2569 849 2634 dr
870 2570 966 2651 hujus
986 2572 1219 2653 consequentiae
1239 2573 1345 2634 Autor
1367 2571 1428 2634 elie
1452 2585 1591 2655 cuperet.
1632 2573 1724 2636 Licet
1745 2572 1906 2636 Catholici
1927 2589 1975 2652 qua

624 2655 759 2722 Domini
770 2650 993 2717 'I’erritoriaiea
1010 2671 1080 2715 cum
1100 2653 1344 2715 protestantibus
1360 2673 1403 2716 ex
1416 2653 1542 2726 Judicio
1565 2655 1764 2717 instrumenti
1786 2654 1875 2718 Pacia
1890 2650 1976 2716 Wes-

626 2737 762 2826 phalicae
782 2733 879 2798 essent
895 2753 1004 2818 pares,
1027 2734 1232 2796 nihilominus
1247 2735 1277 2795 in
1298 2754 1332 2796 re
1345 2737 1430 2811 quod
1444 2737 1481 2797 ab
1501 2736 1637 2819 ipsorum
1652 2736 1782 2799 urbitrio
1799 2736 1941 2817 pependit
1951 2735 1975 2793 iu

654 2821 762 2882 cutiam
776 2816 969 2879 subditorum
982 2815 1012 2878 se
1024 2817 1150 2878 reddere
1165 2814 1336 2878 voluissent
1349 2817 1514 2881 deterioris
1529 2818 1741 2889 conditionis,
1764 2817 1792 2879 E
1815 2819 1921 2900 iscopo
1931 2814 1974 2877 suo

627 2842 684 2977 ius
698 2899 970 2977 antiquillimume
993 2917 1086 2959 manu
1106 2896 1321 2972 extortiti'ent,
1340 2896 1374 2959 dr
1395 2901 1497 2962 miuus
1519 2901 1594 2974 libi,
1615 2909 1769 2979 quatenus
1787 2839 1974 2962 I'erritoriale

630 2982 692 3054 est,
714 2981 763 3041 sed
777 2978 916 3058 subjecto
931 2981 1067 3059 incapaci
1082 2977 1299 3042 attribuissent.
1343 2980 1464 3061 Pugnat
1476 2984 1574 3064 igitur
1584 2981 1727 3043 assertum
1740 2982 1870 3060 aliquod
1882 2984 1975 3042 incon·

630 3064 778 3129 tracium,
795 3057 1048 3131 Jurisditiiouem
1062 3061 1146 3123 iliam
1160 3059 1300 3124 Statibua
1315 3060 1492 3141 denegans,
1515 3084 1586 3126 cum
1608 3063 1725 3145 regulis
1741 3062 1822 3124 sanae
1843 3064 1975 3144 interpre-

630 3143 783 3212 tationis,
817 3143 925 3223 potius
950 3144 1131 3224 exemplum
1147 3143 1287 3226 praestat,
1317 3143 1440 3206 tabulas
1458 3146 1543 3208 Pacis
1562 3143 1782 3227 Westphalicae
1805 3147 1975 3208 inconcinne

632 3245 706 3288 cum
723 3222 859 3304 Legibus
878 3222 962 3296 Juris
988 3224 1762 3308 CanoniciluriEpiscopalipropriis,confundi.
1806 3228 1889 3290 ilinc
1902 3225 1976 3287 aliter
2010 3259 2016 3268 ·

631 3308 737 3370 dicere
751 3321 819 3388 nou
835 3306 1014 3386 possumus,
1036 3325 1129 3387 quam
1144 3306 1291 3387 scriptum
1305 3305 1401 3376 illud,
1424 3310 1507 3388 quod
1523 3310 1713 3383 inscribitur,
1741 3307 1926 3392 Vorslellung
1938 3306 1980 3367 uer

640 3388 888 3467 Vorzugszeiues
914 3387 1149 3468 Evangelischen
1163 3388 1302 3469 Furflrus
1314 3405 1371 3447 vor
1385 3389 1478 3452 tinem
1507 3389 1706 3468 Callicliscsrm
1730 3393 1855 3453 ratione
1875 3391 1979 3463 Juriuu

633 3472 714 3533 circa
729 3465 840 3535 Sacra,
862 3465 1063 3548 &reperitur
1080 3471 1112 3531 in
1135 3468 1306 3531 Luruos
1321 3469 1443 3549 scriptis
1457 3471 1595 3535 illustrib.
1613 3492 1643 3534 n.
1661 3490 1711 3553 27.
1728 3473 1872 3534 laborare
1886 3475 1982 3548 ingen·

633 3553 719 3614 tibus
736 3549 927 3630 praejudiciis
943 3570 978 3610 ac
992 3552 1198 3630 petitionibus
1214 3552 1373 3632 principii,
1388 3552 1427 3614 de
1439 3572 1573 3637 quorum
1586 3556 1722 3637 genuina
1735 3554 1983 3638 interpretatione

634 3633 817 3704 authentica
829 3633 879 3714 pia
896 3631 1044 3695 deiideria
1057 3631 1216 3714 hucusque
1233 3632 1419 3700 formamus.

1149 3899 1157 3917 .
1203 3846 1407 3923 XXVIII.

634 3970 775 4045 uatium
791 3974 836 4049 cst
856 3963 1016 4072 proinde,
1039 3998 1077 4047 ur
1090 3848 1159 4071 ipia
1176 3983 1239 4046 Par
1250 3977 1471 4076 Westphnlica
1488 3999 1605 4073 magna
1621 3979 1696 4055 sane
1712 3990 1982 4085 euraJusDiuce·

523 4066 637 4141 sunum
654 4097 671 4139 u
686 4073 1154 4167 JnrisditlroncTerriroriaii
1176 4075 1377 4166 distinguere
1399 4072 1544 4170 jusserit,
1572 4083 1617 4149 ira
1638 4084 1726 4152 enim
1749 4085 1782 4153 id
1805 4079 1986 4157 inculcat&

524 4165 615 4240 testis
637 4166 682 4238 est
698 4178 772 4238 Art.
787 4178 826 4241 V.
849 4181 883 4250 li.
902 4189 960 4245 45.
984 4174 1044 4265 Jus
1069 4167 1296 4239 Dioecesannm
1324 4175 1443 4242 &tora
1465 4175 1660 4268 Jurisdislio
1684 4178 1903 4252 Eccieiiailica
1922 4199 1985 4252 cum

528 4265 683 4336 omnibus
705 4263 769 4336 suis
793 4263 963 4359 speciebus
987 4288 1101 4336 contra
1117 4265 1313 4356 Augullunae
1336 4266 1553 4341 Confcliionis
1574 4271 1742 4347 EIcDores
1758 4278 1821 4348 dc.
1847 4273 1989 4375 suspensa

526 4361 624 4443 esto,
650 4363 683 4432 dr
708 4366 792 4432 intra
812 4366 994 4433 Terminus
1019 4369 1180 4434 Terrirorii
1205 4368 1345 4458 cujusque
1369 4371 1430 4462 Jus
1457 4369 1704 4451 Direcei'auum,
1740 4374 1773 4443 dr
1799 4372 1993 4469 JurIsdiliio

524 4456 746 4531 Ecclesiastico
761 4456 793 4530 se
808 4460 992 4537 continear,
1019 4483 1095 4528 cum
1119 4463 1221 4551 igitur
1244 4463 1277 4530 in
1296 4467 1416 4533 noteris
1433 4464 1563 4553 verbis,
1587 4466 1798 4539 &Dominus
1815 4471 1997 4543 Terrirorii

505 4583 508 4588 ·
526 4577 604 4626 eum
620 4561 704 4654 Jure
717 4553 776 4628 suo
790 4554 828 4629 iit
842 4551 1005 4650 inclusus,
1029 4557 1077 4626 ita
1097 4579 1134 4628 ut
1150 4555 1241 4654 quod
1256 4561 1291 4646 ip
1309 4557 1475 4659 Episcopo
1491 4561 1657 4658 dormire,
1685 4567 1719 4635 in
1732 4569 1932 4640 Territocio
1945 4568 2000 4639 suu

1916 4667 2001 4740 rcri-
