4950 5567
541 580 613 694 or
632 579 760 681 Juua
784 561 854 658 ar
875 525 1200 692 araxi-cruca
1227 579 1391 723 sacua
1415 586 1473 665 tn
1492 587 1693 672 castro
1708 592 1775 675 aa.
1823 523 1901 700 a,

476 768 598 875 mArs.
614 788 649 852 3.
671 788 724 875 ¹.²·
746 759 1091 856 15.dt26.-plutibus
1108 766 1258 859 patescit.
1305 764 1454 864 ldipfirm
1472 767 1592 840 deinde
1607 775 1744 867 repetiit
1759 779 1894 875 Capitu-
1908 792 1966 840 ¹¹0⁸
2020 794 2062 842 θ’

475 887 508 932 ιο
530 859 695 956 Leopoldt
716 862 746 949 ᾗ.
769 884 802 948 3·
827 880 860 947 7.
887 870 940 937 18.
960 881 1016 948 27.
1038 860 1072 931 dt
1096 885 1153 951 39.
1177 862 1290 932 Caroli
1303 868 1364 933 Vl.
1389 873 1465 935 Art.
1488 871 1515 938 I.
1530 869 1558 956 §.
1574 892 1604 946 7.
1627 876 1703 939 Art.
1721 879 1787 944 III.
1804 884 1842 956 I.
1860 904 1891 958 7.
1907 873 1969 937 que
2006 861 2083 930 arsat

477 979 502 1028 t.
516 961 593 1032 XV.
611 966 647 1037 I.
674 981 706 1041 3.
728 955 841 1025 Caroli
862 958 941 1026 Vll.
955 964 1032 1026 Ars.
1057 961 1087 1027 1.
1100 964 1137 1039 I.
1161 984 1212 1028 rr.
1237 966 1313 1029 Art.
1328 963 1440 1035 XVII.
1454 969 1492 1042 Ji.
1508 981 1540 1038 8.
1555 960 1590 1032 'dt
1608 962 1777 1056 ooviffinia
1791 975 1890 1043 Fran·
1907 954 2070 1096 man·

477 1055 507 1125 ei
521 1058 549 1124 1.
566 1047 790 1143 gloriofillime
803 1049 999 1145 imperantis
1020 1058 1097 1124 Ast.
1116 1059 1146 1123 I.
1169 1058 1198 1144 §.
1220 1080 1276 1128 ιι.
1297 1063 1374 1126 Art.
1394 1063 1491 1130 VIII.
1511 1066 1844 1149 I.21.Ats.III.ff.
1865 1097 1895 1146 r.

479 1171 501 1220 r.
518 1154 615 1225 XIV·
633 1147 666 1245 b.
682 1164 715 1220 ό.
729 1156 806 1219 Ast.
822 1150 896 1219 XV.
911 1158 948 1227 J.
965 1175 997 1218 a.
1016 1161 1048 1218 ό.
1066 1148 1099 1218 dt
1118 1161 1150 1227 8.
1166 1158 1245 1221 Art.
1261 1154 1395 1224 XVIII.
1412 1160 1446 1233 I.
1465 1178 1496 1237 3.
1511 1159 1896 1244 Ars.XX11.r.5.&0.

476 1244 560 1317 tibus
584 1247 665 1316 locis
679 1269 740 1315 ceu
760 1243 899 1314 totidem
921 1242 1018 1314 sacris
1033 1243 1091 1314 lub
1114 1246 1267 1315 Palladiis
1282 1245 1480 1317 Nobilitatis
1501 1246 1577 1343 jura
1595 1251 1628 1321 dt
1648 1254 1823 1354 Privilegia
1837 1263 1899 1333 Ss-

476 1366 577 1427 trum,
601 1365 656 1414 aut
672 1341 887 1422 nominatim,
912 1363 968 1412 aut
982 1344 1017 1411 in
1033 1364 1156 1433 genere
1170 1340 1255 1413 sarta
1271 1341 1356 1414 teila
1371 1337 1612 1422 custodiuntur.

1057 1535 1094 1625 §.
1142 1533 1262 1610 Xlll.

540 1674 651 1767 Atque
674 1664 744 1737 hae
764 1660 810 1736 est
832 1668 1009 1737 oeconomia
1027 1662 1154 1760 jurium
1176 1669 1262 1737 circa
1286 1671 1390 1739 Sacra·
1406 1667 1593 1761 universim,
1618 1670 1738 1767 quibus
1755 1676 1787 1747 S.
1809 1675 1851 1749 R.
1865 1679 1894 1750 1.
1927 1668 1984 1745 Jut
2000 1675 2099 1746 eires·

476 1767 616 1841 mediata
639 1762 811 1836 Nobilitas
835 1759 1042 1857 resplendet,
1068 1763 1145 1832 inde
1166 1757 1265 1832 facile
1286 1768 1351 1835 etii
1372 1791 1574 1861 componere
1598 1759 1742 1841 libellam
1766 1774 1807 1842 ad
1826 1773 1894 1856 ista,
1910 1748 2047 1854 ΜΨ)

476 1860 784 1958 especiatiminfuis
802 1856 987 1949 castrtsstbi
1009 1858 1171 1929 venditat.
1222 1862 1265 1929 Et
1287 1862 1422 1954 quidem
1462 1867 1605 1933 rotaria
1627 1868 1891 1951 castrorummbi·
1909 1835 2024 1936 C⁸stl¹3
2120 1893 2125 1902 ·

476 1991 498 2034 ιι
513 1960 643 2039 indole,
666 1979 768 2055 prout
783 1958 941 2025 nimirum
959 1953 1010 2026 vel
1021 1959 1156 2023 mediata
1171 1955 1222 2024 vel
1236 1962 1409 2027 immediata
1425 1888 1514 2039 liint,
1542 1959 1649 2052 ipsum
1665 1988 1799 2059 quoque
1814 1967 1896 2055 (me,
1911 1917 2075 2000 N‘lbllfflfl

490 2057 614 2156 punilo
627 2056 754 2150 jurium
776 2055 863 2123 eirea
884 2056 981 2121 Satta
1006 2051 1149 2121 multum
1166 2054 1280 2122 variar.
1332 2057 1415 2125 Sane
1437 2053 1458 2124 st
1477 2055 1526 2125 rel
1544 2059 1576 2124 itt
1594 2060 1702 2151 prima
1723 2063 1896 2144 cadratam

476 2154 624 2228 :unabula
640 2147 843 2222 reflaaimus
865 2148 1001 2234 oeulos,
1026 2147 1094 2240 jam
1115 2145 1192 2216 inde
1215 2149 1297 2219 hanc
1316 2149 1450 2220 illorum
1473 2151 1694 2225 diversantem
1717 2157 1898 2230 veluteon·

476 2259 570 2325 titam
586 2248 823 2336 nullanegotio
839 2245 1051 2335 detegemus3
1078 2244 1255 2333 Originem
1270 2270 1414 2339 namque
1428 2245 1573 2343 exsupra
1589 2247 1684 2321 ditiis
1693 2250 1898 2346 potissimum

479 2371 596 2421 xerunt
610 2371 628 2417 e
643 2344 785 2416 turbidis
802 2336 1056 2410 Diffidationum
1077 2338 1303 2433 temporibus,
1326 2341 1446 2435 quibus
1469 2348 1672 2440 potentiores
1688 2351 1721 2418 itt
1740 2348 1804 2421 suis
1825 2351 1900 2423 lati·

476 2449 550 2519 tdiis
568 2463 738 2538 caeperunt
760 2436 926 2510 exstruere
946 2460 1058 2516 trees,
1083 2458 1239 2530 tanquam
1255 2434 1422 2509 securiora
1441 2463 1556 2510 contra
1577 2439 1721 2514 hostium
1745 2444 1894 2520 incursus

493 2541 696 2632 suorumque
716 2534 941 2630 receptacula,
967 2555 1038 2603 tum
1056 2531 1088 2604 dt
1105 2532 1244 2628 publicar
1267 2529 1378 2605 salutis
1394 2534 1545 2629 quaedam
1569 2536 1658 2631 quali
1677 2544 1896 2615 munimenta.

476 2665 549 2738 tque
572 2662 611 2710 ea
637 2634 757 2709 Gloria
781 2633 941 2703 Nobilibus
965 2625 1072 2701 solum
1095 2633 1276 2701 immediatis
1300 2636 1439 2800 progria
1464 2630 1497 2702 dt
1523 2640 1701 2729 metropolita
1725 2632 1810 2718 fuit,
1838 2635 1895 2716 sed

476 2739 551 2810 tulis
568 2756 703 2830 quoque
717 2728 830 2799 studiis
854 2726 962 2800 atsere
976 2729 1121 2809 mediati,
1143 2751 1209 2798 oon
1227 2729 1338 2799 minus
1401 2725 1513 2799 suar&
1533 2731 1649 2801 Patria
1667 2727 1833 2803 securitati
1846 2737 1896 2806 itr-

491 2830 611 2906 fluuius
631 2831 707 2901 illos
731 2821 947 2897 velificantes,
988 2824 1080 2893 Hinc
1101 2846 1139 2894 ea
1154 2823 1260 2914 Castra
1281 2822 1402 2895 bonam
1419 2821 1549 2895 inlimul
1570 2849 1700 2922 partem
1717 2825 1894 2920 surgebant

475 2932 573 3004 tetris
590 2950 628 2996 ac
648 2923 783 3023 prediis
805 2925 962 3001 mediatis,
986 2919 1136 2989 Domino
1156 2921 1374 2992 Territoriali
1397 2945 1439 2993 eo
1458 2923 1568 2992 minus
1585 2923 1709 3005 invito,
1734 2949 1802 3020 quo
1826 2921 1897 2997 for.

476 3031 539 3100 sin
555 3028 594 3096 iis
611 3023 798 3114 Regionum
813 3014 944 3087 suarum
962 3015 1165 3086 antemurale
1183 3040 1344 3089 cerneret.
1394 3016 1687 3112 Quemadmodum
1707 3021 1809 3112 igitur
1824 3021 1895 3095 ltaee

476 3127 534 3203 ma
556 3120 758 3218 prediorum
781 3138 952 3193 naturam,
980 3136 1016 3183 ut
1038 3113 1262 3190 immutarint,
1288 3135 1415 3184 tantum
1436 3110 1539 3195 abest,
1564 3139 1602 3186 ut
1623 3116 1760 3187 eandem
1782 3121 1894 3213 potius

476 3248 500 3293 ιι
516 3224 557 3292 iis
572 3217 636 3288 five
652 3218 811 3296 mediatit,
838 3207 902 3280 srve
916 3212 1096 3279 immediatis
1110 3208 1302 3305 qualitatem
1323 3209 1509 3290 induerint,
1532 3212 1577 3280 ita
1592 3212 1682 3307 quod
1704 3213 1804 3306 paulo
1819 3235 1899 3289 ante

477 3322 558 3391 bostis
576 3312 756 3385 Nobilium
772 3311 910 3379 mediatis
927 3306 959 3379 dr
975 3308 1176 3399 immediatis,
1204 3304 1294 3377 idem
1309 3330 1395 3379 nune
1410 3305 1452 3378 de
1467 3306 1580 3399 castris
1591 3314 1730 3380 mediatis
1746 3314 1780 3386 [I
1794 3316 1895 3382 imme·

475 3421 516 3490 ris
531 3411 599 3489 ello
610 3411 786 3507 judicium.
1130 3409 1133 3414 ’

1064 3539 1100 3624 §.
1147 3534 1265 3609 XlV.

538 3678 714 3752 Falluntur
736 3697 836 3766 ergo,
861 3674 919 3769 qui
933 3668 1053 3743 Nobili
1078 3668 1271 3740 immediato
1295 3670 1559 3740 indiscriminatim
1578 3666 1765 3758 largiuntur
1782 3664 1816 3739 in
1834 3663 1893 3741 suo
1919 3674 2081 3756 Provtm

476 3781 528 3851 lto
552 3778 606 3874 jus
629 3772 813 3847 exstruendi
839 3774 1011 3861 capeIsm,
1037 3766 1151 3861 ibique
1170 3764 1227 3837 sua
1250 3763 1339 3836 sacra
1359 3766 1557 3846 exercendi,
1585 3764 1675 3859 quod
1700 3764 1836 3859 quidem
1858 3769 1891 3836 in
1907 3759 2031 3837 Castro·

476 3876 540 3948 llro
559 3877 732 3944 ammediata
755 3868 927 3963 procedit,
941 3868 978 3955 a)
1003 3866 1037 3934 itt
1059 3870 1189 3933 mediata
1211 3885 1322 3932 autem
1350 3865 1489 3956 propria
1510 3860 1710 3932 authoritate
1732 3862 1814 3931 illud
1836 3860 1893 3934 fibi
1907 3861 1978 3940 Ῥω
1990 3862 2068 3927 ²1⁰⁸·

476 3974 599 4044 tdieare
617 3973 753 4061 nequit,
778 3964 831 4035 sed
856 3967 994 4055 gratiam
1011 3960 1103 4030 illam
1126 3982 1182 4030 aut
1198 3984 1216 4028 a
1230 3961 1381 4030 Domino
1400 3959 1636 4039 Territoriali,
1663 3956 1684 4028 ss
1701 3957 1838 4030 Nobilis
1852 3966 1894 4031 Α.
1908 3924 2070 4074 {ffin'
2103 3955 2106 3960 ’

476 4121 481 4150 ,
505 4093 562 4139 aut
584 4066 625 4136 ab
645 4064 827 4134 Ordinatio
849 4061 931 4142 loci,
957 4057 1093 4129 liavitae
1114 4056 1280 4145 Religioni
1305 4055 1485 4124 adhereat:
1514 4054 1706 4146 Aliquando
1731 4057 1830 4126 etiam
1853 4053 1895 4126 ab
2100 4057 2104 4066 '

476 4188 571 4259 ‘oque
586 4161 696 4241 fimul,
721 4158 743 4230 fi
759 4157 897 4229 Nobilis
913 4154 1148 4226 catholicusin
1162 4149 1560 4224 Tetritorieratbolico
1575 4152 1711 4236 castrum
1726 4146 1896 4246 pollideat,
2041 4193 2048 4208 ,

476 4287 560 4335 trare
574 4247 736 4330 netellum
752 4255 862 4326 habet.
913 4248 1038 4346 Qtodli
1053 4274 1133 4320 vero
1153 4251 1335 4319 Dominum
1351 4247 1611 4317 Territorialem
1632 4250 1720 4317 inter
1737 4246 1771 4317 dt
1786 4246 1897 4318 Nobi·
2023 4283 2031 4300 ι

477 4360 546 4431 tlis
567 4352 761 4429 obversetur
779 4355 865 4422 circa
883 4356 1075 4445 Qlitatem
1093 4347 1216 4434 Castri,
1243 4369 1283 4414 an
1306 4342 1448 4414 liberum
1471 4339 1509 4412 lit
1524 4366 1560 4414 ac
1580 4343 1830 4423 immediatum,
1854 4368 1896 4416 an

476 4456 658 4529 >erioritati
672 4447 890 4522 Territotiali
907 4446 1105 4524 obnoxium,
1132 4466 1204 4537 quae
1220 4463 1291 4511 tum
1307 4443 1484 4510 Sacrorum
1507 4434 1574 4511 fata
1590 4436 1768 4509 manebunt
1785 4437 1896 4511 Nobi·

476 4543 523 4629 ri
547 4574 586 4642 η.
611 4570 772 4650 quantuor
787 4544 943 4644 equidem
958 4545 1000 4616 td
1018 4541 1210 4711 exercitiqur
1225 4535 1397 4727 qulbliqom
1410 4537 1544 4621 attinet,
1567 4533 1800 4632 hoeCasujox.
1817 4557 1897 4705 ctnqq¹
