4950 5567
504 715 506 720 ,
659 619 731 702 nr
754 619 984 703 susurris
1009 621 1286 729 Quonnnnt
1310 607 1689 712 otttouonnrts
1712 630 1781 715 aa
1887 659 1958 737 ,ις

1149 844 1189 935 a.
1238 841 1295 921 ιι.

591 1009 758 1109 Arguitur
770 1010 931 1092 secundo:
962 1012 1034 1090 Dis
1050 1013 1223 1091 olitionem
1239 1020 1274 1107 §.
1288 1034 1412 1094 xxvtt.
1428 1015 1605 1118 specialem
1620 1043 1688 1097 non
1703 1019 1744 1098 ad
1759 1023 1956 1101 teluitionet
2085 1075 2088 1082 ·

493 1106 553 1212 pall
568 1137 691 1184 annum
706 1117 942 1188 Decretotium
959 1043 1114 1212 quitiam,
1141 1112 1197 1190 sed
1221 1115 1362 1188 durante
1376 1140 1486 1220 tamen
1503 1121 1611 1193 adhuc
1632 1121 1743 1207 bello,
1769 1121 1833 1197 stre
1847 1125 1957 1197 Bolte·

489 1209 643 1286 nicostte
657 1213 883 1297 Germanico,
909 1212 975 1303 iarn
991 1209 1300 1384 fasiaspertinete,
1325 1212 1382 1288 scd
1404 1216 1444 1287 ad
1466 1212 1597 1290 futuras
1620 1241 1767 1306 tantum,
1790 1246 1865 1320 quae
1879 1219 1955 1318 post

485 1331 589 1408 pacem
603 1309 673 1407 jam
688 1307 873 1384 conclusam
894 1307 1021 1386 fuerint
1036 1336 1097 1409 per
1124 1312 1260 1384 ciendae.
1308 1315 1436 1408 Regula
1458 1318 1547 1388 enirn
1561 1314 1608 1389 est
1626 1317 1735 1410 legem
1750 1343 1886 1391 omnem
1901 1315 1956 1394 fu·

486 1410 559 1480 turis
574 1431 704 1481 tentum
730 1434 884 1481 normam
906 1411 986 1482 dare
1009 1411 1171 1504 negotiis,
1193 1434 1303 1507 neque
1329 1413 1369 1482 ad
1392 1417 1561 1510 preterita
1584 1415 1753 1489 ordinarie
1777 1403 1957 1514 respicere.

482 1506 518 1619 lit
531 1509 685 1604 quamvis
701 1510 815 1600 negati
831 1511 933 1590 nolit,
959 1507 1074 1605 plures
1086 1503 1149 1580 else
1163 1508 1256 1578 Pacis
1271 1507 1502 1606 Wellphalice
1516 1509 1642 1609 passus,
1668 1516 1744 1610 qui,
1769 1536 1887 1611 utpote
1902 1538 1955 1589 re·
1984 1531 1991 1548 “
2093 1597 2102 1608 ,

480 1599 678 1678 lbtutionem
694 1603 746 1676 vel
762 1629 801 1676 ex
813 1608 922 1702 capite
937 1602 1118 1689 amnestian,
1143 1604 1196 1678 vel
1220 1630 1258 1677 ex
1278 1612 1388 1704 capite
1409 1614 1639 1700 gravaminum
1654 1610 1707 1684 vel
1727 1610 1860 1684 aliunde
1876 1638 1955 1684 con·
1997 1677 2002 1694 ,

479 1722 665 1786 cernentes,
690 1700 732 1773 ad
745 1708 915 1800 preterita
932 1706 1115 1800 pertinent,
1142 1728 1242 1800 atque
1259 1705 1299 1775 ad
1316 1705 1433 1778 slatnm
1454 1711 1529 1778 anni
1547 1711 1738 1780 Decretnrii
1760 1706 1834 1781 sunt
1848 1732 1955 1783 retro·

479 1798 647 1885 trahendi3
669 1795 850 1898 expressam
874 1822 984 1873 tamen
1008 1799 1108 1897 hujus
1129 1797 1185 1899 pri
1200 1805 1348 1875 Literam
1372 1802 1479 1876 statim
1497 1807 1530 1875 in
1578 1807 1723 1903 tincipio
1743 1805 1786 1880 de
1809 1804 1886 1879 solis
1901 1803 1954 1881 fis·

478 1899 552 1969 turia
573 1895 810 1970 retuitionbus
825 1898 946 1972 diserte
964 1895 1027 1972 esse
1048 1922 1263 1996 conceptam,
1290 1923 1410 1998 utpote
1432 1901 1474 1976 de
1490 1830 1576 1998 quil

477 1989 691 2088 luidonibus)
706 2002 800 2068 aliter
820 2003 900 2069 lotus
918 2023 976 2070 nott
996 2002 1106 2086 detur,
1128 1999 1188 2084 nifi
1209 1999 1393 2091 pomorum
1414 2006 1599 2095 exceptiones
1618 2007 1653 2079 td
1667 2008 1778 2074 merita
1797 2004 1956 2088 castrant,

476 2100 692 2166 amnentur.
741 2098 905 2168 Praeterea
918 2097 1070 2191 quamvis
1092 2121 1159 2166 non
1175 2094 1217 2165 de
1232 2095 1388 2168 omnibns
1409 2097 1575 2191 ejusmodi
1593 2097 1708 2183 bonis,
1733 2097 1857 2173 scilicet
1873 2095 1952 2173 unte¹

476 2187 616 2264 bominis
630 2194 851 2276 memoriam,
877 2218 895 2264 a
910 2192 1055 2265 Statibus
1073 2190 1132 2264 srbi
1147 2195 1290 2264 invicem
1304 2194 1380 2288 jure
1394 2195 1546 2291 pignoris
1561 2193 1733 2290 obligatis,
1760 2195 1953 2274 &durante

476 2287 605 2362 demum
629 2288 720 2364 bello
742 2288 783 2361 ab
807 2290 941 2389 aliquo,
965 2289 1117 2364 debitore
1139 2313 1261 2387 nempe
1285 2292 1454 2375 reluente,
1479 2298 1650 2393 occupatis
1677 2297 1869 2386 tepenter,
1894 2291 1953 2367 sed

1574 1928 1613 1974 us
1636 1902 1776 1975 slatuat:
1812 1912 1860 1976 Iis
1874 1906 1956 1995 (re·
2061 1947 2070 1964 ι

476 2385 565 2461 deiis
587 2411 736 2471 tantum,
761 2412 835 2486 quae
858 2391 999 2462 durante
1019 2388 1160 2473 eodem,
1185 2388 1237 2460 tel
1256 2388 1381 2486 absque
1398 2394 1522 2483 previa
1542 2391 1646 2465 rause
1667 2395 1877 2486 cognitione,
1896 2390 1952 2465 rel
2104 2461 2119 2470 .

476 2507 533 2559 oon
549 2482 657 2558 soluta
676 2483 779 2569 sorte,
805 2485 846 2558 ab
865 2488 979 2584 aliquo
998 2510 1158 2583 occupata
1177 2480 1320 2564 suerint,
1347 2486 1526 2583 loquatur,
1552 2512 1653 2585 atque
1672 2489 1742 2561 haec
1764 2483 1953 2587 posteriore

476 2579 575 2657 stetim
598 2609 637 2656 ae
655 2585 806 2683 plenarie
827 2610 893 2657 una
915 2610 991 2656 cum
1013 2585 1224 2656 documentis
1246 2584 1418 2680 prioribus
1445 2580 1697 2682 possessoribus,
1723 2583 1951 2657 creditoribus

476 2705 589 2782 oentpe
598 2685 852 2781 pignoratitiis,
875 2681 1003 2756 restitui
1019 2680 1141 2755 debere
1156 2680 1332 2766 decernat3
1360 2685 1476 2775 ingens
1491 2704 1601 2754 tamen
1615 2680 1790 2754 discrimen
1807 2707 1845 2754 er
1859 2679 1952 2756 dido
2063 2717 2067 2722 ·

476 2781 631 2870 ssxvtn
650 2781 724 2853 vult
738 2782 852 2876 colligi
874 2784 964 2853 inter
988 2780 1183 2853 reluitiones
1198 2776 1267 2875 jam
1291 2774 1416 2863 sallas,
1441 2777 1676 2878 &presertim
1700 2780 1841 2852 durante
1860 2778 1951 2853 bello

476 2871 591 2961 fauna,
616 2878 753 2951 &inter
766 2876 895 2952 futuras
912 2879 1066 2961 demum,
1091 2901 1213 2976 nempe
1230 2875 1381 2950 conclusa
1392 2877 1529 2974 jamjam
1550 2902 1648 2974 pace,
1681 2875 1950 2975 insequentibus

476 2976 678 3076 temporibus
693 2980 941 3070 contingentem
963 3001 1046 3074 quas
1061 2974 1244 3073 postremas
1262 2978 1363 3048 etiam
1379 2999 1478 3071 atque
1491 2970 1622 3048 futuras
1640 2973 1867 3059 solummodo,
1881 3000 1951 3046 non

476 3098 560 3174 eque
582 3078 715 3173 priores
728 3076 856 3171 adjetta
879 3072 1047 3172 dispositio
1067 3075 1238 3167 negotium
1261 3073 1445 3167 Religionis
1469 3097 1671 3146 concernens
1688 3072 1851 3170 respiciat.
1901 3075 1951 3145 Si·

476 3173 604 3270 quidem
622 3169 730 3245 dib'sus
746 3178 781 3260 §.
797 3177 839 3248 de
859 3171 1017 3246 sententia
1039 3172 1210 3245 reluitioni
1231 3169 1343 3242 locum
1363 3172 1563 3245 concedente
1582 3168 1724 3244 sludiose
1741 3169 1848 3244 futuri
1869 3192 1952 3243 tem·

476 3276 559 3370 poris
579 3270 692 3344 verbis
708 3295 838 3355 utatur,
865 3268 992 3345 &ficut
1009 3270 1050 3343 de
1066 3268 1260 3367 prioribus,
1281 3266 1346 3340 five
1359 3268 1426 3364 jam
1442 3266 1538 3341 fattta
1561 3269 1767 3365 disponendo
1783 3267 1893 3341 slatim
1916 3267 1951 3343 dt

476 3371 616 3468 plenarie
627 3370 700 3441 illas
716 3370 844 3444 restitui
857 3374 1020 3467 impetet,
1043 3373 1088 3441 ita
1104 3368 1145 3439 ad
1158 3390 1259 3438 novas
1274 3363 1338 3439 stve
1351 3364 1480 3440 suturas
1496 3366 1689 3440 sententiam
1702 3391 1859 3466 tanquam
1873 3390 1952 3438 con·

476 3467 631 3543 ditionem
646 3470 829 3541 etiamnum
847 3466 1025 3550 desderet,
1049 3492 1123 3565 que
1141 3465 1181 3538 ad
1197 3464 1412 3539 reluitionent
1426 3467 1567 3539 durante
1586 3464 1676 3538 bello
1690 3489 1755 3538 tant
1773 3463 1951 3539 Germani·

476 3591 525 3652 eo,
549 3593 650 3665 quarn
668 3567 850 3640 Boltemico
865 3562 986 3638 fatiam
1004 3567 1166 3661 applicati
1183 3587 1343 3660 nequeat,
1375 3587 1532 3663 tanquam
1554 3561 1659 3636 otiosa
1681 3562 1817 3661 prorsus
1841 3563 1874 3634 dr
1898 3558 1951 3633 su·

556 3691 618 3747 ua,
648 3688 725 3738 eum
745 3665 916 3738 reluitioni
937 3664 1005 3760 jam
1026 3660 1121 3736 fattae
1151 3662 1265 3734 locum
1294 3661 1492 3736 ulteriorem
1515 3686 1577 3759 per
1598 3658 1791 3733 sententiam
1812 3657 1950 3732 concedi

497 3766 558 3838 aud
572 3764 759 3836 conveniat.
810 3762 948 3835 Silentio
962 3758 1097 3859 insuper
1112 3762 1398 3858 pretermittitur,
1414 3759 1503 3859 quod
1518 3759 1666 3855 alioquin
1680 3753 1949 3854 perpremissant

476 3862 659 3957 generalem
682 3858 901 3942 sanblionem,
931 3886 969 3933 ex
991 3857 1218 3932 universali&
1240 3855 1406 3930 illimitata
1426 3854 1590 3930 amnestiae
1613 3856 1727 3950 tegula
1750 3852 1892 3927 universi
1915 3855 1951 3930 dt

476 3959 588 4056 singuli
602 3983 671 4032 tam
686 3961 720 4030 in
739 3983 855 4032 omnes
872 3958 1034 4042 ditiones,
1058 3981 1159 4056 quant
1172 3956 1248 4054 jura
1261 3956 1410 4053 plenarie
1427 3956 1459 4029 dt
1477 3959 1511 4028 in
1528 3978 1605 4028 eum
1619 3952 1738 4027 slatutn
1755 3950 1951 4025 restituendi

476 4056 548 4141 snt,
571 4083 641 4157 qno
657 4080 731 4131 ante
745 4053 993 4130 destitutionem
1011 4054 1110 4150 gavifi
1127 4050 1280 4137 fuerant,
1307 4053 1357 4125 illi
1378 4054 1533 4126 videlicet
1553 4077 1687 4133 omnes,
1717 4049 1839 4151 quibus
1859 4073 1952 4122 occa·

476 4155 556 4232 lone
571 4179 727 4230 motuum
741 4155 910 4227 Bohemiat
926 4157 1159 4229 Germaniaeve
1173 4151 1300 4250 aliquid
1316 4151 1499 4250 praejudicii
1521 4171 1578 4221 aut
1589 4150 1719 4238 damni,
1745 4170 1950 4246 quocunque

476 4255 569 4330 nodo
584 4255 639 4328 rel
653 4276 814 4351 pretextu
830 4254 958 4326 illatum
973 4249 1056 4337 fuit,
1083 4251 1259 4326 annullatis
1275 4250 1529 4349 quibuscunque
1543 4251 1678 4321 interim
1693 4249 1951 4319 incontrarium

476 4351 564 4428 litiis
579 4352 821 4425 mutationibus
836 4351 868 4424 dc
883 4351 1140 4444 litispendentiis
1156 4354 1212 4443 a),
1243 4374 1261 4420 a
1276 4374 1341 4445 qua
1354 4349 1468 4440 regula
1481 4344 1605 4442 absque
1617 4348 1740 4419 diserto
1751 4348 1844 4440 Juris
1860 4364 1951 4415 tettu

476 4476 507 4531 to
521 4455 636 4532 tninus
649 4449 874 4525 recedendum
889 4445 998 4536 soret,
1020 4476 1088 4550 quo
1104 4452 1210 4546 magis
1223 4470 1288 4620 pGer
1301 4445 1504 4524 sanslionem
1521 4445 1670 4543 ejusdem
1686 4446 1722 4533 ς.
1740 4444 1782 4517 de
1798 4441 1951 4609 telqpio·

1277 4567 1299 4640 g
1327 4570 1345 4617 a
1837 4563 1875 4609 nt
1897 4560 1950 4620 us,

506 4723 544 4806 a)
565 4715 998 4802 att.111.1ntt.t.W.§.1.
1013 4715 1046 4784 dc
1062 4733 1113 4787 rt.
