4950 5567
479 483 485 574 l

552 665 557 680 .
649 614 802 746 orrea
827 617 1216 702 stuutrauaunr
1242 557 1517 706 noceatur
1541 628 1817 718 aratorem.
1903 671 1977 750 ³47
2099 591 2102 596 ⁵

506 797 668 901 presertim
691 798 845 895 pluribus
863 798 1181 875 contradisiionibus
1204 802 1348 878 obnoxia
1366 810 1464 907 plura
1484 809 1664 888 secundum
1684 818 1903 906 intentionem
1922 826 1972 899 lo·
2087 867 2092 874 ·

504 902 656 1016 quentium
673 895 858 1015 sytmnyma
883 901 977 974 simus
998 901 1173 1014 conjungi,
1198 925 1237 1018 ut
1259 904 1367 1000 ntajot
1388 908 1640 986 &luculentior
1659 917 1809 1009 ejusdem
1829 917 1973 1020 expliea-
2052 911 2060 918 ”

501 997 579 1082 aa&
596 996 777 1070 declarem
803 998 977 1072 habeatur.
1029 1004 1133 1088 Culus
1158 1023 1209 1072 rer
1235 1005 1387 1100 exempla
1411 1031 1450 1077 er
1475 1005 1614 1105 ipsamet
1638 1017 1723 1087 Pace
1744 1016 1970 1116 Westpitalica
1996 1053 2001 1060 ·

498 1097 622 1198 produci
644 1091 789 1194 possunt.
838 1099 939 1171 Unde
960 1091 1118 1192 speciales
1141 1097 1192 1170 bae
1214 1098 1808 1187 deliberationes&consultationes
1833 1123 1968 1215 praeviae
2098 1103 2105 1186 J

496 1192 956 1311 adebrzogationemuRecelsus
973 1192 1403 1312 Brunsuict'10Hildestensts
1420 1207 1626 1300 pertinentes
1643 1235 1733 1285 certe
1756 1209 1846 1286 suam
1865 1218 1968 1290 inter·
2037 1227 2042 1234 “

495 1314 699 1392 pretanonem
722 1316 761 1406 ex
782 1317 823 1362 ns
843 1318 994 1407 cqptunt,
1019 1318 1094 1406 quae
1113 1317 1297 1411 generatim
1313 1302 1424 1394 quoad
1441 1326 1557 1374 omnes
1573 1309 1715 1402 Imperii
1732 1333 1838 1383 terras
1864 1317 1968 1407 agita·

495 1386 671 1568 guquqfft
686 1413 696 1478 5
720 1415 791 1464 rmo
805 1416 844 1466 ex
858 1417 917 1480 trs,
944 1418 1019 1492 quar
1035 1388 1157 1468 dtserte
1170 1417 1235 1491 per
1246 1392 1353 1494 tpsam
1371 1402 1490 1474 Pacem
1504 1399 1656 1501 westph.
1673 1403 1811 1484 demum
1825 1403 1965 1487 fixerunt

593 1672 721 1764 Nonne
737 1669 770 1739 in
784 1665 848 1740 hac
858 1663 935 1763 ipsa
947 1685 1071 1762 praeter
1086 1666 1281 1739 exercitium
1297 1666 1484 1760 Religionis
1498 1667 1563 1746 live
1576 1673 1751 1772 publicum
1768 1673 1834 1753 ste
1846 1680 1961 1779 priva·

495 1787 553 1838 tura
566 1763 739 1864 specialius
755 1765 875 1838 deinde
889 1789 1012 1836 annexa
1028 1765 1061 1837 dr
1077 1765 1165 1837 inter
1182 1765 1252 1837 hec
1267 1763 1337 1862 ipsa
1355 1757 1508 1840 disertius
1523 1774 1624 1846 etiam
1639 1777 1863 1873 templorum,
1889 1775 1967 1863 suta·

495 1865 649 1938 dationum
664 1865 727 1938 dre.
753 1858 899 1961 expressa
912 1866 1039 1934 mentio
1050 1865 1241 1959 repetitur;
1267 1869 1420 1960 quamvis
1436 1866 1539 1956 alibi,
1559 1894 1661 1966 quam
1673 1875 1707 1944 in
1724 1874 1858 1970 templis
1872 1901 1965 1950 erer-
2056 1935 2065 1950 .
2112 1889 2118 1898 '

495 1953 592 2036 ¹titium
609 1963 793 2056 Religionis
814 1960 927 2032 saltem
944 1959 1117 2057 publicum
1133 1958 1250 2034 baberi
1273 1986 1340 2032 non
1358 1960 1471 2036 soleat.
1535 1970 1579 2038 Et
1603 1971 1679 2066 quis
1705 1969 1864 2056 otiosam,
1889 1976 1961 2046 imo
1993 2045 1998 2052 ,

494 2084 591 2134 ranem
609 2063 785 2133 &inanem
798 2059 947 2154 ejusdem
961 2061 1059 2155 petiti
1075 2080 1131 2132 aut
1146 2056 1289 2130 conclusa
1304 2063 1556 2136 reiterationem
1573 2067 1651 2140 inde
1665 2064 1865 2142 somniavit?
1891 2071 1958 2144 Sed

494 2181 539 2232 rec
551 2158 654 2232 otiosa
668 2156 805 2257 prorsus
821 2154 885 2230 fuit
900 2157 969 2227 haec
984 2156 1124 2228 cautela.
1175 2159 1455 2252 Qrotusquisque
1469 2163 1559 2232 enim
1576 2161 1642 2248 cll,
1665 2171 1724 2261 qui
1742 2169 1892 2258 ignoret,
1917 2195 1958 2243 ex

492 2254 673 2330 eoncesstone
689 2258 837 2330 exercitii
852 2254 1057 2351 templorum
1072 2250 1166 2323 usum
1182 2279 1250 2324 non
1266 2253 1444 2327 necessario
1460 2255 1603 2332 inferri?
1671 2267 1841 2362 Nunquid
1864 2268 1957 2340 eninr

493 2356 598 2448 ingenti
614 2355 683 2452 jam
701 2356 894 2450 Principum
912 2348 1225 2448 compaciscentium
1241 2349 1403 2424 beneficio
1424 2358 1459 2423 in
1480 2361 1623 2454 acceptis
1639 2357 1763 2433 referri
1783 2362 1955 2450 debuisset,

493 2449 572 2550 iqui
588 2477 682 2526 antea
696 2456 862 2546 emigrare
878 2448 1099 2541 cogebantur,
1125 2449 1157 2519 dr
1178 2447 1349 2521 devotioni
1370 2473 1497 2523 tantum
1515 2435 1701 2529 domesticir
1725 2458 1767 2529 ad
1790 2458 1957 2534 summum

492 2572 589 2626 vacare
605 2575 776 2650 poterant,
806 2547 981 2646 quousque
1003 2550 1037 2617 in
1061 2547 1234 2618 territorio
1253 2545 1499 2627 tolerabantur,
1533 2575 1620 2622 nune
1641 2554 1684 2625 de
1704 2553 1879 2629 stabilitate
1898 2557 1977 2646 sua,

492 2643 578 2721 setun
598 2653 699 2722 etiam
714 2648 847 2748 publica
868 2647 939 2717 loca
954 2643 1018 2716 five
1032 2644 1118 2716 aedes
1134 2639 1239 2715 sacras
1258 2639 1316 2715 suo
1331 2643 1434 2716 cultui
1444 2643 1617 2719 destinatas
1628 2651 1660 2718 in
1671 2649 1849 2748 eonspeslu
1860 2657 1953 2728 Prin·
1989 2721 1996 2736 ,

491 2749 557 2846 ripis
572 2749 635 2823 alia
651 2746 788 2849 prorsus
802 2743 972 2820 sentientis
988 2743 1021 2818 dt
1036 2744 1187 2842 optantis
1198 2739 1264 2815 suis
1278 2742 1359 2816 licet
1372 2741 1559 2840 sumptibus
1574 2749 1705 2841 erigere
1719 2745 1872 2848 possent?

585 2917 640 2991 Ad
652 2917 693 3012 b)
719 2917 949 3015 Qtamobrem
967 2917 1000 2990 dr
1016 2915 1098 2989 illud
1114 2915 1258 2999 corruit,
1274 2913 1366 3012 quod
1378 2940 1419 2987 ex
1433 2917 1596 3014 particula
1612 2922 1801 3012 germanica
1815 2921 1953 3018 petralta
2026 2941 2031 2948 '

486 3009 619 3107 spraud)
634 3015 760 3113 adjesla
776 3018 808 3088 dr
827 3019 929 3090 latino
943 3019 1103 3087 idiomate
1117 3040 1180 3112 per
1197 3013 1237 3087 ari
1258 3015 1419 3108 prasertim
1441 3014 1495 3085 vel
1519 3022 1650 3088 maxime
1669 3024 1761 3090 etiam
1781 3024 1953 3094 enuntiata

482 3119 663 3211 extorqueri
679 3138 823 3188 tentatur
839 3138 1086 3209 argumentum.
1134 3116 1187 3183 lta
1204 3115 1293 3182 enim
1311 3135 1428 3183 revera
1449 3110 1640 3208 specialius,
1671 3118 1779 3213 majus
1801 3117 1835 3190 dr
1857 3116 1957 3212 insig-

478 3216 545 3284 nius
567 3214 743 3310 quidpiam
771 3211 882 3286 effert.
941 3218 1042 3285 Certe
1071 3210 1187 3309 quodsi
1211 3213 1246 3282 in
1272 3211 1556 3303 grammaticalem
1582 3214 1748 3309 quandam
1769 3214 1952 3291 verborum

476 3315 710 3386 triticationem
733 3312 1027 3405 &logomachiam
1050 3305 1271 3383 controversa
1290 3306 1423 3381 deflecti
1444 3309 1543 3393 velit,
1571 3337 1639 3382 non
1661 3336 1729 3384 tant
1750 3314 1951 3412 ampliativa,
2104 3351 2109 3364 ·

475 3432 569 3505 quam
587 3410 785 3507 explicativa
803 3411 873 3483 hac
885 3407 1043 3484 clausula
1059 3411 1172 3505 potius
1186 3407 1330 3479 videtur.
1381 3409 1416 3478 Si
1431 3407 1521 3478 enim
1537 3409 1694 3482 accedens
1714 3411 1850 3483 alterius
1872 3437 1952 3510 par·

475 3513 508 3578 t's
525 3505 699 3580 consensus
715 3507 851 3580 firmum
866 3508 968 3580 modo
983 3504 1193 3587 conclusum,
1208 3504 1394 3578 duorumve
1410 3507 1444 3576 in
1459 3504 1548 3577 idem
1562 3507 1722 3603 placitum
1738 3506 1848 3591 efficit,
1863 3515 1950 3608 Jure

475 3609 592 3679 nerito
605 3606 858 3678 catholicorum
876 3607 1115 3678 declarationes
1128 3604 1253 3674 ultimae
1269 3602 1357 3697 apud
1375 3607 1416 3673 M
1427 3623 1447 3672 ra
1456 3625 1475 3699 J
1485 3624 1505 3673 u
1516 3623 1612 3676 Itum
1625 3610 1729 3679 Tom.
1742 3611 1803 3677 lV.
1818 3631 1852 3703 p.
1863 3619 1949 3695 928.

475 3705 611 3777 retitum
628 3708 774 3776 anterius
791 3703 1046 3778 Protessantium
1061 3703 1165 3773 latino
1180 3701 1340 3771 idiomate
1361 3703 1407 3770 ita
1420 3704 1700 3797 interpretantur:
1742 3708 1821 3787 „Ut
1839 3704 1950 3777 Nobi·
1998 3753 2006 3770 .

475 3803 563 3886 ,litas
579 3801 611 3873 dr
627 3801 747 3873 subditi
766 3801 984 3900 Episcopatus
999 3794 1213 3871 Hildestensts
1227 3823 1295 3870 non
1309 3794 1458 3870 obstante
1474 3799 1694 3873 rransailione
1709 3802 1797 3875 inter
1812 3807 1893 3874 D.E
1919 3805 1947 3875 i·

475 3897 626 3997 ,scopum
649 3900 682 3971 dr
696 3905 807 3972 Duces
823 3892 1334 3993 Luneburgico·Brunsuicenses
1355 3897 1455 3976 inita,
1487 3919 1554 3992 qua
1575 3900 1770 3974 exercitium
1784 3828 1948 3993 Augulia·

475 4023 536 4081 ,oae
556 3993 776 4070 Confeffionis
793 3995 889 4069 dittae
904 3997 1086 4069 Nobilitati
1103 3993 1145 4068 ad
1166 4013 1285 4074 Lxx„
1314 3990 1453 4064 subditis
1473 4017 1554 4064 vero
1572 3994 1614 4065 ad
1630 4017 1695 4071 xa.
1717 3997 1873 4070 duntaxat
1893 4021 1948 4066 atr·

475 4120 548 4177 utos
574 4097 801 4191 permittitur,
824 4095 944 4169 eodem
967 4094 1127 4166 exercitio
1148 4087 1324 4164 indefinito
1350 4112 1505 4190 tempore
1523 4092 1686 4184 gtudere,
1716 4093 1890 4193 patitirqae
1911 4097 1944 4163 in

475 4195 648 4288 ,poffefflane
669 4189 905 4276 Eccleliarum,
939 4191 1144 4274 scholarum,
1179 4187 1414 4282 hospitalium,
1452 4211 1562 4284 eoque
1583 4194 1821 4287 pertinentium
1843 4189 1948 4259 bono·

475 4316 562 4374 ,rum
572 4301 589 4375 ,'
608 4288 826 4362 aedificiorum
842 4291 877 4363 dr
898 4313 1142 4387 proventuum,
1165 4286 1447 4392 quemadmodum
1463 4285 1580 4359 eadem
1593 4288 1636 4366 de
1652 4290 1771 4361 iisdem
1786 4283 1943 4380 disponit,

475 4389 634 4486 ,relinqui
651 4387 810 4471 debeant,
831 4388 971 4486 reliquis
987 4386 1110 4459 ibidem
1132 4386 1295 4458 contentis
1311 4386 1345 4453 in
1361 4381 1418 4455 suo
1434 4385 1550 4477 vigore
1566 4380 1846 4483 permanentibus.
1871 4379 1942 4454 Ubi
2092 4461 2098 4476 ¹

475 4487 649 4583 ,particula
666 4490 854 4580 germanica
877 4481 1051 4581 gutnqlplctt
1070 4482 1151 4580 qud)
1173 4506 1237 4582 per
1253 4482 1389 4554 latinam
1406 4487 1581 4581 pariterque
1600 4507 1695 4561 merc
1713 4479 1942 4582 explicativam
2073 4551 2082 4582 „

474 4581 1010 4686 ,drexemplificatiramelsertur-
1423 4599 1428 4606 ·

1157 4807 1164 4818 .
1264 4739 1381 4828 an
1812 4708 1944 4862 ..Ad

1560 4887 1563 4894 ·
1779 4887 1912 4935 aa..
