4950 5567
584 626 659 724 ..ε
763 599 1085 693 mactarunt
1103 603 1168 684 tn
1192 593 1533 684 antenorem
1556 587 1889 675 trevirense

1195 839 1201 849 .
1260 795 1290 879 ς.
1337 780 1397 858 ιι.

708 928 914 1005 Libertatem
938 916 1183 996 eccleliallicsm
1215 916 1342 1011 supremi
1367 917 1521 1012 Priaripes
1550 935 1630 986 raro
1656 909 1848 993 violarunt‘,
1877 931 1917 982 ae
1941 905 2063 982 violent.

586 1031 661 1112 ¹Sed
672 1036 726 1103 Dii
737 1036 884 1100 minorem
896 1027 1052 1117 gentiam,
1077 1042 1188 1113 paruae
1201 1016 1453 1087 territoriorum
1467 1012 1677 1083 modicorum
1693 1006 1891 1105 potestates,
1911 1009 2016 1080 exorti
2030 1003 2066 1081 lt·

592 1139 666 1208 rius
683 1134 839 1205 defleres,
863 1124 1021 1205 consules,
1046 1118 1193 1194 Scelinii,
1216 1113 1432 1208 Magistratus
1450 1112 1639 1189 ciuitatum,
1665 1108 1698 1178 a
1717 1110 1767 1178 his
1785 1101 1907 1178 adletli
1924 1105 2066 1200 Magistri

593 1230 748 1305 tribuere,
774 1246 813 1293 es
838 1216 1057 1295 mechanicis,
1084 1212 1118 1283 dr
1141 1209 1360 1284 illiberalibus
1385 1205 1512 1279 artibus
1536 1202 1818 1300 campolitarnm,
1850 1227 1916 1300 per
1939 1205 2065 1284 italien,
2113 1207 2117 1234 ⁵

541 1336 543 1339 ’
595 1321 836 1404 Germaniam,
863 1315 1028 1389 Galliam,
1052 1307 1178 1381 seculis
1194 1308 1260 1380 illis
1278 1332 1359 1401 erga
1372 1304 1510 1377 Clerum
1526 1304 1636 1373 minus
1654 1297 1833 1394 religiosis,
1860 1321 1986 1397 nempe
2003 1301 2079 1374 xlt·

594 1423 631 1496 in
652 1418 780 1491 senium
804 1433 984 1505 vergente,
1009 1409 1103 1478 Xlll.
1132 1407 1227 1485 xtv.
1252 1409 1327 1483 xv.
1351 1402 1385 1481 dt
1408 1403 1523 1487 xvh,
1547 1401 1657 1476 terias
1681 1397 1829 1474 libertati
1859 1395 2065 1474 scelefialllce

596 1516 860 1594 machinationes
877 1503 1120 1608 opposuesnnn
1143 1507 1185 1577 L.

1261 1636 1297 1741 s.
1348 1635 1426 1716 ιιι.

712 1775 918 1851 Restiterunt
932 1774 985 1846 his
1000 1769 1249 1854 moliminibus,
1282 1795 1406 1866 magno
1428 1774 1558 1870 impetn
1581 1766 1866 1868 irrumpentibus,
1902 1765 1958 1868 ι.)
1981 1774 2066 1844 creti·

596 1887 640 1957 lia
657 1877 895 1961 Laterenerrie,
919 1876 985 1944 lll.
1005 1896 1056 1943 an.
1081 1896 1202 1961 ¹¹79·2
1228 1870 1345 1942 delV.
1368 1887 1421 1942 ani
1450 1895 1573 1957 ιαις..
1607 1867 1710 1939 teleta
1732 1870 1765 1937 in
1787 1892 1851 1960 sep.
1872 1891 1905 1942 4·
1929 1871 1966 1944 Θ
1987 1897 2016 1948 7·
2031 1867 2065 1940 de

594 1977 767 2059 immunis.
815 1974 868 2065 ι.)
902 1973 1072 2045 fridericus
1093 1970 1249 2068 11.1np.
1272 1970 1307 2040 in
1331 1967 1386 2044 die
1406 1967 1632 2044 coronationis
1651 1963 1809 2039 Romane
1833 1989 1889 2046 22.
1905 1966 2066 2039 Novenb.

1984 2089 2075 2138 raas.

711 2223 844 2296 iisdem,
864 2234 967 2301 neque
983 2216 1055 2300 iplis
1077 2216 1198 2291 molat,
1226 2220 1344 2298 eoquat
1362 2233 1495 2299 panem,
1512 2225 1568 2280 ant
1586 2214 1645 2280 alia
1663 2213 1809 2298 obsequis
1833 2213 1997 2281 exhibeat.
2014 2232 2072 2296 sep.

711 2307 767 2371 tels.
783 2304 819 2367 de
832 2305 958 2365 imane.
973 2303 1007 2363 in
1019 2299 1050 2364 ό.
1068 2298 1228 2363 Pertinent
1241 2299 1313 2362 talia
1329 2299 1366 2362 ad
1382 2297 1544 2362 intereunt
1559 2297 1754 2363 violationes
1767 2299 1923 2362 libertatis
1939 2297 2071 2362 ecclelia-

712 2388 815 2458 sticae,
837 2403 914 2466 qnae
928 2382 1159 2446 adinvenerunt
1178 2380 1274 2464 saepe,
1297 2381 1567 2462 adinveniuntque
1581 2380 1737 2444 interdum
1754 2380 1914 2463 hodieque
1931 2381 2073 2444 seculares

713 2465 932 2549 magistratus,
955 2485 984 2529 e.
998 2483 1029 2546 g.
1045 2462 1250 2547 prohibentes
1260 2462 1468 2547 cirthensem,
1491 2481 1531 2524 ne
1544 2462 1651 2525 bibent
1666 2482 1724 2546 pro
1736 2479 1800 2525 aere
1812 2464 1943 2536 vinum,
1963 2475 2017 2524 aut
2029 2483 2074 2524 ce·

713 2549 859 2613 seuiltarn
877 2548 959 2610 intra
977 2547 1193 2609 immunitates
1210 2542 1373 2618 venalem,
1399 2552 1454 2605 aut
1469 2543 1595 2618 saltem,
1616 2561 1657 2606 ne
1678 2545 1849 2626 poculenta
1869 2544 1944 2607 inde
1964 2543 2029 2606 luas
2045 2544 2074 2605 in

714 2632 833 2694 domos
850 2639 1041 2710 exportent;
1062 2628 1135 2689 dnrn
1159 2627 1302 2698 interim,
1320 2643 1360 2687 ne
1372 2624 1449 2687 defit
1465 2643 1589 2687 annone
1607 2623 1751 2700 civibus,
1773 2627 1833 2690 vix
1853 2625 1972 2689 audent
1993 2627 2074 2689 nllihi

713 2722 844 2785 uetare,
864 2730 903 2772 ne
919 2727 1016 2791 gram
1031 2709 1217 2772 clericorum
1231 2716 1375 2769 emantur
1392 2705 1644 2788 eburgenlibus:
1666 2717 1817 2794 praeterea
1836 2709 1990 2772 introitus
2008 2725 2075 2789 pot·

713 2808 835 2864 tarum,
854 2791 888 2854 dt
900 2790 1045 2853 tranlitua
1057 2789 1126 2867 jura
1142 2807 1206 2850 non
1222 2789 1340 2849 audent
1356 2789 1487 2869 exigere
1501 2809 1518 2849 a
1530 2790 1657 2861 clericis,
1673 2791 1726 2872 qni
1741 2788 1861 2854 faciunt
1874 2809 1926 2853 ree
1943 2789 2011 2854 luas
2026 2791 2075 2852 sd·

688 2898 692 2906 ·
713 2877 792 2941 vehi
808 2893 862 2956 per
876 2869 1188 2942 connumeramus,
1206 2868 1255 2931 led
1271 2870 1309 2930 alr
1321 2868 1369 2931 lrr's
1384 2872 1600 2952 praetendunt,
1621 2875 1776 2934 mediante
1789 2873 1904 2935 artello
1921 2891 2076 2944 curruum,

715 2977 753 3019 sc
774 2956 1007 3035 jumentorum,
1030 2951 1113 3030 quast
1133 2971 1213 3012 vero
1231 2952 1302 3014 hinc
1317 2969 1382 3013 non
1402 2967 1609 3031 gravarentur
1627 2970 1682 3033 per
1707 2953 1886 3018 indisertum
1902 2951 1961 3036 ipsi
1974 2958 2075 3027 clerici,

713 3038 788 3123 plus
804 3053 862 3117 pro
878 3032 1009 3094 vettura
1025 3032 1173 3096 soluturi:
1197 3034 1234 3094 ad
1252 3032 1321 3094 haec
1336 3034 1452 3117 artifici
1465 3043 1626 3104 extraneo,
1649 3037 1700 3117 qui
1718 3036 1790 3099 alibi
1803 3058 1847 3100 ex
1859 3041 2079 3100 conuentione

610 3152 631 3206 ς
661 3149 664 3154 ’
715 3138 788 3180 cum
811 3115 933 3176 clericis
949 3114 1088 3176 laborata
1106 3114 1247 3186 invehit,
1272 3117 1391 3188 aditus,
1419 3111 1453 3178 dt
1471 3114 1607 3178 sacellus
1635 3121 1666 3181 in
1690 3119 1851 3181 civitatem
1871 3121 2078 3202 praecludunt,

715 3210 771 3261 aut
788 3198 895 3259 saltem
911 3199 939 3257 ei
954 3197 1087 3276 aliquam
1107 3197 1369 3279 compositionem
1383 3217 1453 3259 cum
1469 3195 1654 3278 Corporatis
1670 3211 1883 3283 extorquent3
1907 3216 2022 3282 atque,
2045 3215 2078 3264 ut

715 3282 793 3343 alias
810 3279 1055 3341 adinventiones
1073 3293 1205 3350 taceam,
1217 3278 1402 3360 prohibent,
1419 3281 1545 3359 nequid
1559 3281 1644 3344 intra
1657 3285 1718 3344 lotn
1733 3284 1899 3355 immunia,
1916 3284 2077 3347 sedoneris

715 3367 751 3425 e'st
762 3358 838 3441 foro
856 3361 948 3420 civico
965 3379 1082 3423 venum
1111 3371 1331 3442 exponantur:
1353 3359 1423 3422 haec
1438 3363 1594 3442 produnt,
1616 3383 1706 3443 quant
1724 3363 1783 3427 lint
1800 3366 1957 3447 ingeniofi
1971 3385 2076 3428 contra

712 3444 840 3505 Clerurn
856 3441 1019 3515 homines,
1041 3462 1058 3504 a
1072 3461 1136 3523 qno
1146 3456 1253 3503 tamen
1267 3441 1468 3523 reipublicae.
1491 3441 1525 3505 dt
1538 3443 1665 3508 familiis
1682 3456 1733 3508 tot
1749 3448 1848 3524 bona,
1872 3461 1925 3510 tot
1941 3448 2078 3511 eleemo-

712 3523 804 3596 finae,
826 3525 1038 3605 proveniunt,
1058 3523 1122 3585 fine
1163 3525 1253 3586 nibus
1290 3524 1415 3586 etmulti
1433 3522 1599 3594 esurirent,
1625 3548 1661 3588 ac
1680 3527 1809 3593 fititent.
1853 3529 1913 3594 His
1931 3533 2076 3595 omnibus

711 3543 1218 3771 ittetthrittlttlst
1231 3545 1595 3771 {ltuttltltltffl
1609 3609 1691 3682 Μ’
1710 3630 1822 3682 ‘'¹¹⁰¹“
1836 3612 1931 3695 ¹³²³·
1947 3633 2015 3696 ⁰²¹²·
2030 3634 2076 3696 ¹*

1136 3730 1145 3761 β
1528 3737 1537 3754 ο

638 3809 679 3880 Ι..
699 3803 816 3871 Praeter
831 3803 994 3876 historiae,
1016 3799 1169 3864 testantur
1186 3801 1355 3868 hortulus
1376 3824 1439 3888 cap.
1455 3824 1487 3949 pi
1506 3803 1547 3871 δι’
1563 3827 1592 3888 7.
1614 3810 1650 3872 de
1669 3811 1794 3875 immun.
1820 3812 1891 3895 Cap.
1915 3833 1945 3881 1.
1970 3815 2011 3881 δι’
2027 3821 2076 3884 ult.

710 3888 775 3954 004,
789 3892 823 3949 m
835 3888 865 3949 ό,
880 3904 938 3948 nec
958 3903 1022 3946 non
1040 3901 1103 3963 cap.
1121 3903 1172 3966 53.
1191 3884 1311 3966 deseret.
1329 3907 1441 3950 excom.
1486 3889 1559 3951 adix
1575 3905 1640 3954 erat
1654 3894 1773 3954 invidia
1788 3890 1929 3966 honoris.
1956 3897 1996 3963 δι’
2014 3906 2077 3982 pri·

708 3972 818 4053 vilegii
831 3968 989 4038 clericalis,
1011 3975 1047 4027 ut
1059 3967 1102 4028 ait
1120 3965 1280 4031 Alexand.
1299 3967 1356 4032 lV.
1378 3971 1408 4029 in
1431 3969 1502 4050 Cap.
1523 3991 1548 4032 1.
1565 3974 1614 4034 rit.
1657 3973 1792 4037 Accclht
1805 3997 1862 4057 pro
1881 3990 1973 4058 parte
1991 3983 2078 4061 opiti-

709 4072 777 4119 cum
797 4058 1026 4127 corporatorum
1041 4049 1190 4118 avaritia,
1213 4048 1406 4113 &lucrandi
1431 4052 1602 4133 cupiditas,
1626 4056 1741 4119 uolens
1767 4069 1907 4122 coeteros
1929 4061 2075 4129 homines

709 4151 824 4197 omnes
837 4128 890 4194 sebi
903 4130 1033 4212 quadarn
1049 4130 1240 4193 bannalitate
1252 4130 1379 4193 reddere
1394 4129 1576 4214 vessigalea.
1619 4136 1670 4200 Sic
1688 4139 1731 4200 ait
1746 4138 1866 4203 rlleuius
1885 4145 1922 4204 ad
1943 4144 2000 4216 Jus
2018 4150 2076 4213 Ln-

709 4219 778 4283 bec.
795 4214 848 4281 lib,
867 4234 895 4294 4.
913 4216 962 4276 tit.
988 4232 1035 4291 13.
1054 4223 1110 4273 ert.
1124 4232 1154 4293 3.
1170 4211 1272 4276 addit.
1289 4214 1326 4274 ad
1343 4231 1427 4277 num.
1449 4233 1521 4296 ¹39„
1546 4217 1821 4291 Quemadmodum
1839 4227 1873 4284 e'n
1895 4226 2077 4294 Civitatibus

711 4296 928 4379 „Horrseuticis
942 4295 1046 4356 omnis
1061 4307 1165 4355 coetus
1188 4313 1223 4355 ea
1241 4291 1420 4358 sollicitudo
1444 4309 1538 4378 atque
1561 4302 1725 4379 vigilantia
1748 4302 1807 4368 est.
1830 4311 1979 4386 quomodo
1997 4333 2074 4375 corre·

710 4383 913 4458 „melmun
929 4375 1103 4456 compendia
1119 4373 1217 4456 adse.
1232 4374 1365 4460 suosque
1384 4379 1461 4440 cives
1480 4380 1631 4450 deriurnt,
1654 4387 1724 4445 nlr'is
1738 4387 1948 4463 prnclndnntr
1971 4396 2014 4456 ite
2034 4398 2076 4459 ci-

710 4464 829 4541 „vjbus
847 4464 880 4521 f„
892 4461 1023 4539 collegiis
1040 4459 1065 4519 ia
1081 4469 1239 4522 connatus
1258 4463 1367 4528 ardor.
1391 4460 1465 4528 tibi.
1489 4462 1612 4542 suisque
1625 4468 1847 4545 prospiciendi.
1871 4474 1952 4535 alins
1966 4481 2077 4540 excha-

709 4544 844 4625 „dendh
868 4560 931 4622 quo¹
946 4541 1134 4604 commoda.
1157 4542 1229 4604 inde
1248 4543 1390 4611 divitiae,
1410 4541 1469 4604 fint
1487 4549 1691 4624 pauciorum,
1714 4569 1771 4610 nec
1790 4552 1884 4614 latius
1902 4556 2008 4620 diflusa
2031 4562 2075 4621 lu·

710 4646 785 4705 „cre
809 4624 950 4692 modica,
969 4618 1002 4684 dt
1020 4621 1198 4686 difficiliora
1214 4625 1354 4689 reddant.
1398 4623 1472 4688 Huc
1487 4630 1628 4709 pleraque
1640 4632 1772 4712 [ἰσίκια.
1798 4631 1836 4698 &
1852 4635 2075 4721 consuetudines

709 4707 925 4793 „collegiorum
941 4704 1084 4790 tendent,
1107 4705 1139 4774 dt
1155 4707 1251 4779 variis
1265 4708 1474 4794 praetextibus
1493 4711 1577 4795 quali
1592 4712 1813 4799 approbantur.
