<?xml version="1.0" encoding="UTF-8"?>
<!DOCTYPE html PUBLIC "-//W3C//DTD XHTML 1.0 Transitional//EN"
    "http://www.w3.org/TR/xhtml1/DTD/xhtml1-transitional.dtd">
<html xmlns="http://www.w3.org/1999/xhtml" xml:lang="en" lang="en">
 <head>
  <title>
</title>
<meta http-equiv="Content-Type" content="text/html;charset=utf-8" />
  <meta name='ocr-system' content='tesseract 3.04.00' />
  <meta name='ocr-capabilities' content='ocr_page ocr_carea ocr_par ocr_line ocrx_word'/>
</head>
<body>
  <div class='ocr_page' id='page_1' title='image "./thesavrvsivrise04schmgoog_0187.png"; bbox 0 0 4950 5567; ppageno 0'>
   <div class='ocr_carea' id='block_1_1' title="bbox 361 601 1869 744">
    <p class='ocr_par' dir='ltr' id='par_1_1' title="bbox 361 601 1869 744">
     <span class='ocr_line' id='line_1_1' title="bbox 361 601 1869 744; baseline 0.013 -47"><span class='ocrx_word' id='word_1_1' title='bbox 361 671 363 697; x_wconf 35' lang='lat' dir='ltr'>r</span> <span class='ocrx_word' id='word_1_2' title='bbox 438 621 629 714; x_wconf 78' lang='lat' dir='ltr'>tta-to,</span> <span class='ocrx_word' id='word_1_3' title='bbox 653 601 805 725; x_wconf 79' lang='lat' dir='ltr'>Quot)</span> <span class='ocrx_word' id='word_1_4' title='bbox 828 620 1032 720; x_wconf 80' lang='lat' dir='ltr'>Jusrun</span> <span class='ocrx_word' id='word_1_5' title='bbox 1056 623 1148 700; x_wconf 77' lang='lat' dir='ltr'>es&#39;r</span> <span class='ocrx_word' id='word_1_6' title='bbox 1170 623 1322 701; x_wconf 77' lang='lat' dir='ltr'>einen</span> <span class='ocrx_word' id='word_1_7' title='bbox 1343 626 1426 722; x_wconf 74' lang='lat' dir='ltr'>rus</span> <span class='ocrx_word' id='word_1_8' title='bbox 1444 627 1667 704; x_wconf 79' lang='lat' dir='ltr'>turon-tr.</span> <span class='ocrx_word' id='word_1_9' title='bbox 1693 623 1760 708; x_wconf 72' lang='lat' dir='ltr'>oe.</span> <span class='ocrx_word' id='word_1_10' title='bbox 1801 655 1869 744; x_wconf 66' lang='lat'>¹71</span> 
     </span>
    </p>
   </div>
   <div class='ocr_carea' id='block_1_2' title="bbox 361 797 1921 1992">
    <p class='ocr_par' dir='ltr' id='par_1_2' title="bbox 361 797 1875 921">
     <span class='ocr_line' id='line_1_2' title="bbox 361 797 1875 921; baseline 0.003 -41"><span class='ocrx_word' id='word_1_11' title='bbox 361 819 363 852; x_wconf 64' lang='lat' dir='ltr'>l</span> <span class='ocrx_word' id='word_1_12' title='bbox 397 827 463 880; x_wconf 87' lang='lat' dir='ltr'>ttto</span> <span class='ocrx_word' id='word_1_13' title='bbox 486 803 585 876; x_wconf 85' lang='lat' dir='ltr'>Praxi</span> <span class='ocrx_word' id='word_1_14' title='bbox 631 825 668 873; x_wconf 90' lang='lat' dir='ltr'>us</span> <span class='ocrx_word' id='word_1_15' title='bbox 689 797 897 878; x_wconf 87' lang='lat' dir='ltr'>reformandi</span> <span class='ocrx_word' id='word_1_16' title='bbox 921 807 1125 899; x_wconf 77' lang='lat' dir='ltr'>Exercitium</span> <span class='ocrx_word' id='word_1_17' title='bbox 1145 806 1329 900; x_wconf 88' lang='lat' dir='ltr'>Religionis</span> <span class='ocrx_word' id='word_1_18' title='bbox 1347 830 1534 904; x_wconf 87' lang='lat' dir='ltr'>competat,</span> <span class='ocrx_word' id='word_1_19' title='bbox 1564 803 1875 921; x_wconf 61' lang='lat' dir='ltr'>odorqueinsaepe</span> 
     </span>
    </p>

    <p class='ocr_par' dir='ltr' id='par_1_3' title="bbox 361 897 1921 1992">
     <span class='ocr_line' id='line_1_3' title="bbox 361 897 1873 1016; baseline 0.003 -40"><span class='ocrx_word' id='word_1_20' title='bbox 361 897 362 904; x_wconf 50' lang='lat'><em>&#39;</em></span> <span class='ocrx_word' id='word_1_21' title='bbox 401 925 582 976; x_wconf 84' lang='lat' dir='ltr'>memorato</span> <span class='ocrx_word' id='word_1_22' title='bbox 621 900 691 998; x_wconf 90' lang='lat' dir='ltr'>pho</span> <span class='ocrx_word' id='word_1_23' title='bbox 707 901 906 998; x_wconf 80' lang='lat' dir='ltr'>Qtaellionis</span> <span class='ocrx_word' id='word_1_24' title='bbox 924 904 1032 1001; x_wconf 92' lang='lat' dir='ltr'>quoad</span> <span class='ocrx_word' id='word_1_25' title='bbox 1050 898 1215 976; x_wconf 83' lang='lat' dir='ltr'><strong>Dominus</strong></span> <span class='ocrx_word' id='word_1_26' title='bbox 1227 907 1470 977; x_wconf 88' lang='lat' dir='ltr'>Territoriales</span> <span class='ocrx_word' id='word_1_27' title='bbox 1489 910 1577 989; x_wconf 63' lang='lat' dir='ltr'>cirea</span> <span class='ocrx_word' id='word_1_28' title='bbox 1591 925 1652 1016; x_wconf 69' lang='lat' dir='ltr'>Jus</span> <span class='ocrx_word' id='word_1_29' title='bbox 1665 905 1873 994; x_wconf 57' lang='lat' dir='ltr'>reformandi</span> 
     </span>
     <span class='ocr_line' id='line_1_4' title="bbox 398 996 1873 1114; baseline 0.011 -39"><span class='ocrx_word' id='word_1_30' title='bbox 398 1001 564 1095; x_wconf 79' lang='lat' dir='ltr'>singularis</span> <span class='ocrx_word' id='word_1_31' title='bbox 582 1023 649 1070; x_wconf 90' lang='lat' dir='ltr'>non</span> <span class='ocrx_word' id='word_1_32' title='bbox 664 996 753 1071; x_wconf 81' lang='lat' dir='ltr'>esi&amp;</span> <span class='ocrx_word' id='word_1_33' title='bbox 768 1027 786 1071; x_wconf 91' lang='lat' dir='ltr'>a</span> <span class='ocrx_word' id='word_1_34' title='bbox 799 1002 925 1095; x_wconf 83' lang='lat' dir='ltr'>Regula</span> <span class='ocrx_word' id='word_1_35' title='bbox 942 1002 1090 1096; x_wconf 85' lang='lat' dir='ltr'>generali</span> <span class='ocrx_word' id='word_1_36' title='bbox 1105 1004 1137 1071; x_wconf 92' lang='lat' dir='ltr'>in</span> <span class='ocrx_word' id='word_1_37' title='bbox 1152 1005 1462 1099; x_wconf 78' lang='lat' dir='ltr'>JureTerritoria&#39;li</span> <span class='ocrx_word' id='word_1_38' title='bbox 1479 1011 1615 1088; x_wconf 89' lang='lat' dir='ltr'>fundata</span> <span class='ocrx_word' id='word_1_39' title='bbox 1630 1041 1731 1114; x_wconf 89' lang='lat' dir='ltr'>atque</span> <span class='ocrx_word' id='word_1_40' title='bbox 1747 1021 1873 1092; x_wconf 89' lang='lat' dir='ltr'>incita·</span> 
     </span>
     <span class='ocr_line' id='line_1_5' title="bbox 401 1093 1871 1212; baseline 0.011 -38"><span class='ocrx_word' id='word_1_41' title='bbox 401 1124 432 1174; x_wconf 89' lang='lat' dir='ltr'>to</span> <span class='ocrx_word' id='word_1_42' title='bbox 446 1101 535 1196; x_wconf 85' lang='lat' dir='ltr'>§pho</span> <span class='ocrx_word' id='word_1_43' title='bbox 552 1093 723 1190; x_wconf 78' lang='lat' dir='ltr'>trigesimo</span> <span class='ocrx_word' id='word_1_44' title='bbox 737 1095 879 1171; x_wconf 85' lang='lat' dir='ltr'>stabilita</span> <span class='ocrx_word' id='word_1_45' title='bbox 895 1100 1053 1173; x_wconf 83' lang='lat' dir='ltr'>recedens</span> <span class='ocrx_word' id='word_1_46' title='bbox 1065 1096 1268 1197; x_wconf 82' lang='lat' dir='ltr'>Dispofitio,</span> <span class='ocrx_word' id='word_1_47' title='bbox 1292 1127 1353 1177; x_wconf 90' lang='lat' dir='ltr'>nec</span> <span class='ocrx_word' id='word_1_48' title='bbox 1369 1111 1545 1207; x_wconf 80' lang='lat' dir='ltr'>Exceptio,</span> <span class='ocrx_word' id='word_1_49' title='bbox 1570 1139 1647 1185; x_wconf 88' lang='lat' dir='ltr'>cum</span> <span class='ocrx_word' id='word_1_50' title='bbox 1665 1139 1704 1186; x_wconf 83' lang='lat' dir='ltr'>ct</span> <span class='ocrx_word' id='word_1_51' title='bbox 1719 1121 1803 1212; x_wconf 87' lang='lat' dir='ltr'>Jure</span> <span class='ocrx_word' id='word_1_52' title='bbox 1820 1143 1871 1190; x_wconf 91' lang='lat' dir='ltr'>re·</span> 
     </span>
     <span class='ocr_line' id='line_1_6' title="bbox 405 1195 1873 1299; baseline 0.011 -28"><span class='ocrx_word' id='word_1_53' title='bbox 405 1195 565 1271; x_wconf 86' lang='lat' dir='ltr'>formandi</span> <span class='ocrx_word' id='word_1_54' title='bbox 583 1197 782 1268; x_wconf 85' lang='lat' dir='ltr'>Tertitorio</span> <span class='ocrx_word' id='word_1_55' title='bbox 798 1198 987 1270; x_wconf 86' lang='lat' dir='ltr'>cohaerente</span> <span class='ocrx_word' id='word_1_56' title='bbox 1002 1195 1174 1293; x_wconf 75' lang='lat' dir='ltr'>profluat,;</span> <span class='ocrx_word' id='word_1_57' title='bbox 1207 1195 1445 1299; x_wconf 83' lang='lat' dir='ltr'>Exc&#39;eptionem</span> <span class='ocrx_word' id='word_1_58' title='bbox 1459 1231 1570 1280; x_wconf 87' lang='lat' dir='ltr'>autem</span> <span class='ocrx_word' id='word_1_59' title='bbox 1585 1211 1703 1283; x_wconf 87' lang='lat' dir='ltr'>volunt</span> <span class='ocrx_word' id='word_1_60' title='bbox 1713 1211 1777 1283; x_wconf 85' lang='lat' dir='ltr'>else</span> <span class='ocrx_word' id='word_1_61' title='bbox 1795 1214 1873 1287; x_wconf 86' lang='lat' dir='ltr'>Pto·</span> 
     </span>
     <span class='ocr_line' id='line_1_7' title="bbox 407 1295 1872 1397; baseline 0.011 -28"><span class='ocrx_word' id='word_1_62' title='bbox 407 1295 572 1379; x_wconf 82' lang='lat' dir='ltr'>tellrntes,</span> <span class='ocrx_word' id='word_1_63' title='bbox 599 1296 658 1390; x_wconf 92' lang='lat' dir='ltr'>qui</span> <span class='ocrx_word' id='word_1_64' title='bbox 678 1296 712 1365; x_wconf 92' lang='lat' dir='ltr'>in</span> <span class='ocrx_word' id='word_1_65' title='bbox 728 1297 856 1388; x_wconf 85' lang='lat' dir='ltr'>Regula</span> <span class='ocrx_word' id='word_1_66' title='bbox 877 1299 1026 1368; x_wconf 87' lang='lat' dir='ltr'>Domino</span> <span class='ocrx_word' id='word_1_67' title='bbox 1042 1297 1258 1369; x_wconf 90' lang='lat' dir='ltr'>Territoriali</span> <span class='ocrx_word' id='word_1_68' title='bbox 1280 1304 1313 1370; x_wconf 85' lang='lat' dir='ltr'>ui</span> <span class='ocrx_word' id='word_1_69' title='bbox 1333 1305 1428 1397; x_wconf 88' lang='lat' dir='ltr'>Juris</span> <span class='ocrx_word' id='word_1_70' title='bbox 1449 1302 1658 1378; x_wconf 83' lang='lat' dir='ltr'>reformandi</span> <span class='ocrx_word' id='word_1_71' title='bbox 1683 1309 1872 1395; x_wconf 73' lang='lat' dir='ltr'>indistinsle</span> 
     </span>
     <span class='ocr_line' id='line_1_8' title="bbox 406 1391 1917 1496; baseline 0.015 -32"><span class='ocrx_word' id='word_1_72' title='bbox 406 1419 512 1490; x_wconf 77' lang='lat' dir='ltr'>segont</span> <span class='ocrx_word' id='word_1_73' title='bbox 535 1411 732 1489; x_wconf 76' lang='lat' dir='ltr'>competere</span> <span class='ocrx_word' id='word_1_74' title='bbox 752 1398 819 1490; x_wconf 87' lang='lat' dir='ltr'>-Jus</span> <span class='ocrx_word' id='word_1_75' title='bbox 845 1394 1078 1467; x_wconf 88' lang='lat' dir='ltr'>introducendi</span> <span class='ocrx_word' id='word_1_76' title='bbox 1101 1391 1333 1469; x_wconf 77' lang='lat' dir='ltr'>fimultaneum</span> <span class='ocrx_word' id='word_1_77' title='bbox 1357 1402 1541 1494; x_wconf 82' lang='lat' dir='ltr'>Religionis</span> <span class='ocrx_word' id='word_1_78' title='bbox 1568 1408 1788 1496; x_wconf 56' lang='lat' dir='ltr'>botritium,</span> <span class='ocrx_word' id='word_1_79' title='bbox 1812 1407 1870 1485; x_wconf 86' lang='lat' dir='ltr'>sed</span> <span class='ocrx_word' id='word_1_80' title='bbox 1914 1425 1917 1430; x_wconf 69' lang='lat'><strong><em>‘</em></strong></span> 
     </span>
     <span class='ocr_line' id='line_1_9' title="bbox 404 1491 1921 1604; baseline 0.011 -39"><span class='ocrx_word' id='word_1_81' title='bbox 404 1518 454 1590; x_wconf 90' lang='lat' dir='ltr'>pto</span> <span class='ocrx_word' id='word_1_82' title='bbox 467 1498 605 1564; x_wconf 89' lang='lat' dir='ltr'>Norma</span> <span class='ocrx_word' id='word_1_83' title='bbox 623 1514 752 1588; x_wconf 92' lang='lat' dir='ltr'>ponunt</span> <span class='ocrx_word' id='word_1_84' title='bbox 769 1496 897 1563; x_wconf 88' lang='lat' dir='ltr'>Statum</span> <span class='ocrx_word' id='word_1_85' title='bbox 918 1494 1007 1565; x_wconf 88' lang='lat' dir='ltr'>Anni</span> <span class='ocrx_word' id='word_1_86' title='bbox 1024 1491 1218 1577; x_wconf 85' lang='lat' dir='ltr'>Normalis,</span> <span class='ocrx_word' id='word_1_87' title='bbox 1244 1519 1282 1567; x_wconf 85' lang='lat' dir='ltr'>et</span> <span class='ocrx_word' id='word_1_88' title='bbox 1297 1520 1365 1602; x_wconf 83' lang='lat' dir='ltr'>quo</span> <span class='ocrx_word' id='word_1_89' title='bbox 1379 1502 1441 1604; x_wconf 50' lang='grc' dir='ltr'>με</span> <span class='ocrx_word' id='word_1_90' title='bbox 1454 1498 1638 1581; x_wconf 74' lang='lat' dir='ltr'>simultanei</span> <span class='ocrx_word' id='word_1_91' title='bbox 1657 1508 1872 1602; x_wconf 80' lang='lat' dir='ltr'>restringunt,</span> <span class='ocrx_word' id='word_1_92' title='bbox 1918 1537 1921 1543; x_wconf 93' lang='lat'>·</span> 
     </span>
     <span class='ocr_line' id='line_1_10' title="bbox 405 1583 1869 1703; baseline 0.013 -41"><span class='ocrx_word' id='word_1_93' title='bbox 405 1591 431 1662; x_wconf 88' lang='lat' dir='ltr'>id</span> <span class='ocrx_word' id='word_1_94' title='bbox 443 1591 531 1687; x_wconf 91' lang='lat' dir='ltr'>quod</span> <span class='ocrx_word' id='word_1_95' title='bbox 548 1583 752 1686; x_wconf 83' lang='lat' dir='ltr'>potiffimum</span> <span class='ocrx_word' id='word_1_96' title='bbox 767 1612 1025 1689; x_wconf 81' lang='lat' dir='ltr'>propugnarunt</span> <span class='ocrx_word' id='word_1_97' title='bbox 1039 1595 1233 1671; x_wconf 73' lang='lat' dir='ltr'>noeros</span> <span class='ocrx_word' id='word_1_98' title='bbox 1245 1623 1289 1674; x_wconf 84' lang='lat' dir='ltr'>us</span> <span class='ocrx_word' id='word_1_99' title='bbox 1301 1613 1741 1680; x_wconf 74' lang='lat' dir='ltr'>Annvindnt&#39;srunstarnnm</span> <span class='ocrx_word' id='word_1_100' title='bbox 1751 1610 1869 1703; x_wconf 69' lang='lat' dir='ltr'>Episco-</span> 
     </span>
     <span class='ocr_line' id='line_1_11' title="bbox 402 1691 1870 1796; baseline 0.012 -37"><span class='ocrx_word' id='word_1_101' title='bbox 402 1712 474 1788; x_wconf 66' lang='grc' dir='ltr'>μιν</span> <span class='ocrx_word' id='word_1_102' title='bbox 485 1691 1058 1784; x_wconf 76' lang='lat' dir='ltr'>HildeslteitnenfisEvangelnorumdt</span> <span class='ocrx_word' id='word_1_103' title='bbox 1075 1702 1204 1768; x_wconf 71' lang='grc' dir='ltr'><strong>Αυτιι</strong></span> <span class='ocrx_word' id='word_1_104' title='bbox 1215 1718 1272 1768; x_wconf 78' lang='lat' dir='ltr'>ou</span> <span class='ocrx_word' id='word_1_105' title='bbox 1291 1699 1449 1794; x_wconf 80' lang='lat' dir='ltr'>publicati</span> <span class='ocrx_word' id='word_1_106' title='bbox 1468 1710 1554 1778; x_wconf 86' lang='lat' dir='ltr'>Ana.</span> <span class='ocrx_word' id='word_1_107' title='bbox 1571 1732 1674 1796; x_wconf 84' lang='lat'>¹7¹0·</span> <span class='ocrx_word' id='word_1_108' title='bbox 1706 1712 1870 1778; x_wconf 70' lang='lat' dir='ltr'>Tristities</span> 
     </span>
     <span class='ocr_line' id='line_1_12' title="bbox 405 1788 1870 1889; baseline 0.012 -30"><span class='ocrx_word' id='word_1_109' title='bbox 405 1793 476 1887; x_wconf 70' lang='lat' dir='ltr'>Jrris</span> <span class='ocrx_word' id='word_1_110' title='bbox 491 1788 660 1860; x_wconf 74' lang='lat' dir='ltr'>Publiciis</span> <span class='ocrx_word' id='word_1_111' title='bbox 676 1792 818 1860; x_wconf 75' lang='lat' dir='ltr'>Statuam</span> <span class='ocrx_word' id='word_1_112' title='bbox 832 1791 871 1886; x_wconf 75' lang='lat' dir='ltr'>J.</span> <span class='ocrx_word' id='word_1_113' title='bbox 897 1798 936 1863; x_wconf 86' lang='lat' dir='ltr'>R.</span> <span class='ocrx_word' id='word_1_114' title='bbox 966 1797 1006 1862; x_wconf 85' lang='lat' dir='ltr'>G.</span> <span class='ocrx_word' id='word_1_115' title='bbox 1030 1796 1113 1889; x_wconf 80' lang='lat' dir='ltr'>Jure</span> <span class='ocrx_word' id='word_1_116' title='bbox 1129 1796 1314 1887; x_wconf 68' lang='lat' dir='ltr'>reformandi</span> <span class='ocrx_word' id='word_1_117' title='bbox 1329 1822 1434 1872; x_wconf 76' lang='lat' dir='ltr'>contro</span> <span class='ocrx_word' id='word_1_118' title='bbox 1447 1806 1599 1873; x_wconf 76' lang='lat' dir='ltr'>vindicias</span> <span class='ocrx_word' id='word_1_119' title='bbox 1609 1808 1870 1888; x_wconf 70' lang='lat' dir='ltr'>Rirtmeeerlsnss.</span> 
     </span>
     <span class='ocr_line' id='line_1_13' title="bbox 406 1883 1890 1992; baseline 0.005 -28"><span class='ocrx_word' id='word_1_120' title='bbox 406 1889 737 1992; x_wconf 69' lang='lat' dir='ltr'>quoslldnttfiltus</span> <span class='ocrx_word' id='word_1_121' title='bbox 755 1883 789 1957; x_wconf 86' lang='lat' dir='ltr'>dt</span> <span class='ocrx_word' id='word_1_122' title='bbox 804 1883 860 1958; x_wconf 87' lang='lat' dir='ltr'>alii</span> <span class='ocrx_word' id='word_1_123' title='bbox 873 1883 972 1969; x_wconf 69' lang='lat' dir='ltr'>ursle</span> <span class='ocrx_word' id='word_1_124' title='bbox 985 1883 1153 1968; x_wconf 76' lang='lat' dir='ltr'>sententiar</span> <span class='ocrx_word' id='word_1_125' title='bbox 1166 1895 1604 1973; x_wconf 83' lang='lat' dir='ltr'>adhaereotesPtoteslantes</span> <span class='ocrx_word' id='word_1_126' title='bbox 1617 1897 1693 1971; x_wconf 87' lang='lat' dir='ltr'>sunt</span> <span class='ocrx_word' id='word_1_127' title='bbox 1706 1897 1822 1973; x_wconf 84' lang='lat' dir='ltr'>secuti.</span> <span class='ocrx_word' id='word_1_128' title='bbox 1886 1908 1890 1912; x_wconf 80' lang='grc'><strong>’</strong></span> 
     </span>
    </p>
   </div>
   <div class='ocr_carea' id='block_1_3' title="bbox 403 2214 2014 4078">
    <p class='ocr_par' dir='ltr' id='par_1_4' title="bbox 403 2214 2014 4078">
     <span class='ocr_line' id='line_1_14' title="bbox 500 2214 1868 2319; baseline 0.009 -29"><span class='ocrx_word' id='word_1_129' title='bbox 500 2216 607 2290; x_wconf 83' lang='lat' dir='ltr'>Unde</span> <span class='ocrx_word' id='word_1_130' title='bbox 623 2239 683 2288; x_wconf 89' lang='lat' dir='ltr'>nec</span> <span class='ocrx_word' id='word_1_131' title='bbox 697 2214 819 2303; x_wconf 83' lang='lat' dir='ltr'>obstat,</span> <span class='ocrx_word' id='word_1_132' title='bbox 845 2218 936 2317; x_wconf 87' lang='lat' dir='ltr'>quod</span> <span class='ocrx_word' id='word_1_133' title='bbox 959 2214 1073 2292; x_wconf 87' lang='lat' dir='ltr'>contra</span> <span class='ocrx_word' id='word_1_134' title='bbox 1090 2219 1248 2319; x_wconf 77' lang='lat' dir='ltr'>praedilla</span> <span class='ocrx_word' id='word_1_135' title='bbox 1261 2220 1386 2318; x_wconf 86' lang='lat' dir='ltr'>objecit</span> <span class='ocrx_word' id='word_1_136' title='bbox 1398 2227 1597 2296; x_wconf 75' lang='lat' dir='ltr'>Honora</span> <span class='ocrx_word' id='word_1_137' title='bbox 1608 2233 1681 2298; x_wconf 77' lang='lat' dir='ltr'>as*</span> <span class='ocrx_word' id='word_1_138' title='bbox 1700 2225 1790 2301; x_wconf 87' lang='lat' dir='ltr'>hunc</span> <span class='ocrx_word' id='word_1_139' title='bbox 1804 2223 1868 2302; x_wconf 92' lang='lat' dir='ltr'>dis·</span> 
     </span>
     <span class='ocr_line' id='line_1_15' title="bbox 407 2311 1867 2421; baseline 0.008 -35"><span class='ocrx_word' id='word_1_140' title='bbox 407 2311 500 2389; x_wconf 72' lang='lat' dir='ltr'>serens</span> <span class='ocrx_word' id='word_1_141' title='bbox 513 2319 547 2388; x_wconf 90' lang='lat' dir='ltr'>in</span> <span class='ocrx_word' id='word_1_142' title='bbox 564 2316 731 2387; x_wconf 86' lang='lat' dir='ltr'>Modum:</span> <span class='ocrx_word' id='word_1_143' title='bbox 753 2319 780 2406; x_wconf 74' lang='lat' dir='ltr'><em>fi</em></span> <span class='ocrx_word' id='word_1_144' title='bbox 792 2320 950 2406; x_wconf 78' lang='lat' dir='ltr'>{erundum</span> <span class='ocrx_word' id='word_1_145' title='bbox 959 2321 1143 2410; x_wconf 70' lang='lat' dir='ltr'>sententiam</span> <span class='ocrx_word' id='word_1_146' title='bbox 1159 2324 1381 2391; x_wconf 77' lang='lat' dir='ltr'>catholicorum</span> <span class='ocrx_word' id='word_1_147' title='bbox 1396 2327 1427 2390; x_wconf 93' lang='lat' dir='ltr'>in</span> <span class='ocrx_word' id='word_1_148' title='bbox 1442 2327 1558 2413; x_wconf 80' lang='lat' dir='ltr'>Regula</span> <span class='ocrx_word' id='word_1_149' title='bbox 1574 2347 1614 2392; x_wconf 83' lang='lat' dir='ltr'>ex</span> <span class='ocrx_word' id='word_1_150' title='bbox 1628 2329 1712 2421; x_wconf 77' lang='lat' dir='ltr'>Jure</span> <span class='ocrx_word' id='word_1_151' title='bbox 1732 2332 1867 2399; x_wconf 80' lang='lat' dir='ltr'>Territa·</span> 
     </span>
     <span class='ocr_line' id='line_1_16' title="bbox 409 2415 1868 2519; baseline 0.007 -33"><span class='ocrx_word' id='word_1_152' title='bbox 409 2419 465 2486; x_wconf 77' lang='lat' dir='ltr'>iisli</span> <span class='ocrx_word' id='word_1_153' title='bbox 478 2415 642 2505; x_wconf 70' lang='lat' dir='ltr'>indistinile</span> <span class='ocrx_word' id='word_1_154' title='bbox 657 2422 875 2515; x_wconf 78' lang='lat' dir='ltr'>esmpeterss</span> <span class='ocrx_word' id='word_1_155' title='bbox 891 2419 1098 2488; x_wconf 79' lang='lat' dir='ltr'>introducendi</span> <span class='ocrx_word' id='word_1_156' title='bbox 1111 2417 1322 2503; x_wconf 72' lang='lat' dir='ltr'>finnlrsneum</span> <span class='ocrx_word' id='word_1_157' title='bbox 1329 2423 1493 2509; x_wconf 73' lang='lat' dir='ltr'>Religionis</span> <span class='ocrx_word' id='word_1_158' title='bbox 1509 2425 1717 2508; x_wconf 70' lang='lat' dir='ltr'>frontinm,</span> <span class='ocrx_word' id='word_1_159' title='bbox 1737 2427 1778 2495; x_wconf 84' lang='lat' dir='ltr'>sd</span> <span class='ocrx_word' id='word_1_160' title='bbox 1794 2428 1868 2519; x_wconf 79' lang='lat' dir='ltr'>quill</span> 
     </span>
     <span class='ocr_line' id='line_1_17' title="bbox 407 2513 1867 2608; baseline 0.008 -28"><span class='ocrx_word' id='word_1_161' title='bbox 407 2533 464 2604; x_wconf 78' lang='lat' dir='ltr'>spus</span> <span class='ocrx_word' id='word_1_162' title='bbox 471 2513 551 2604; x_wconf 79' lang='lat' dir='ltr'>soii,</span> <span class='ocrx_word' id='word_1_163' title='bbox 578 2533 614 2584; x_wconf 85' lang='lat' dir='ltr'>st</span> <span class='ocrx_word' id='word_1_164' title='bbox 630 2517 685 2583; x_wconf 81' lang='lat' dir='ltr'>iss</span> <span class='ocrx_word' id='word_1_165' title='bbox 701 2516 738 2582; x_wconf 85' lang='lat' dir='ltr'>de</span> <span class='ocrx_word' id='word_1_166' title='bbox 753 2522 799 2586; x_wconf 84' lang='lat' dir='ltr'>Re</span> <span class='ocrx_word' id='word_1_167' title='bbox 820 2520 851 2583; x_wconf 90' lang='lat' dir='ltr'>in</span> <span class='ocrx_word' id='word_1_168' title='bbox 870 2514 1005 2606; x_wconf 76' lang='lat' dir='ltr'>presenti</span> <span class='ocrx_word' id='word_1_169' title='bbox 1026 2516 1101 2606; x_wconf 66' lang='lat' dir='ltr'>iri·</span> <span class='ocrx_word' id='word_1_170' title='bbox 1116 2539 1172 2593; x_wconf 86' lang='lat'>²7·</span> <span class='ocrx_word' id='word_1_171' title='bbox 1200 2517 1327 2608; x_wconf 84' lang='lat' dir='ltr'>Speeisli</span> <span class='ocrx_word' id='word_1_172' title='bbox 1345 2517 1462 2582; x_wconf 73' lang='lat' dir='ltr'>Plotina</span> <span class='ocrx_word' id='word_1_173' title='bbox 1479 2516 1552 2583; x_wconf 83' lang='lat' dir='ltr'>illud</span> <span class='ocrx_word' id='word_1_174' title='bbox 1561 2516 1772 2605; x_wconf 82' lang='lat' dir='ltr'>sterneretur,</span> <span class='ocrx_word' id='word_1_175' title='bbox 1799 2543 1867 2590; x_wconf 82' lang='lat' dir='ltr'>cnm</span> 
     </span>
     <span class='ocr_line' id='line_1_18' title="bbox 406 2609 1866 2706; baseline 0.005 -26"><span class='ocrx_word' id='word_1_176' title='bbox 406 2614 459 2680; x_wconf 76' lang='lat' dir='ltr'>lez</span> <span class='ocrx_word' id='word_1_177' title='bbox 473 2615 625 2706; x_wconf 74' lang='lat' dir='ltr'>generalis</span> <span class='ocrx_word' id='word_1_178' title='bbox 648 2609 828 2705; x_wconf 61' lang='lat' dir='ltr'>(stffesnset,</span> <span class='ocrx_word' id='word_1_179' title='bbox 858 2617 991 2704; x_wconf 71' lang='lat' dir='ltr'>ideaque</span> <span class='ocrx_word' id='word_1_180' title='bbox 1014 2615 1244 2705; x_wconf 60' lang='lat' dir='ltr'>Exceptionerm</span> <span class='ocrx_word' id='word_1_181' title='bbox 1277 2611 1324 2680; x_wconf 87' lang='lat' dir='ltr'>ait</span> <span class='ocrx_word' id='word_1_182' title='bbox 1343 2609 1422 2692; x_wconf 84' lang='lat' dir='ltr'>ille,</span> <span class='ocrx_word' id='word_1_183' title='bbox 1442 2610 1569 2700; x_wconf 78' lang='lat' dir='ltr'>firmare</span> <span class='ocrx_word' id='word_1_184' title='bbox 1590 2618 1737 2703; x_wconf 79' lang='lat' dir='ltr'>Regulam</span> <span class='ocrx_word' id='word_1_185' title='bbox 1755 2620 1786 2686; x_wconf 90' lang='lat' dir='ltr'>in</span> <span class='ocrx_word' id='word_1_186' title='bbox 1807 2639 1866 2686; x_wconf 87' lang='lat' dir='ltr'>non</span> 
     </span>
     <span class='ocr_line' id='line_1_19' title="bbox 406 2707 1866 2803; baseline 0.004 -27"><span class='ocrx_word' id='word_1_187' title='bbox 406 2714 533 2799; x_wconf 73' lang='lat' dir='ltr'>streptis,</span> <span class='ocrx_word' id='word_1_188' title='bbox 555 2733 628 2780; x_wconf 79' lang='lat' dir='ltr'>nens</span> <span class='ocrx_word' id='word_1_189' title='bbox 642 2709 673 2799; x_wconf 77' lang='lat' dir='ltr'><em>fi</em></span> <span class='ocrx_word' id='word_1_190' title='bbox 687 2734 725 2778; x_wconf 82' lang='lat' dir='ltr'>ere</span> <span class='ocrx_word' id='word_1_191' title='bbox 740 2714 862 2803; x_wconf 72' lang='lat' dir='ltr'>speciali</span> <span class='ocrx_word' id='word_1_192' title='bbox 880 2715 1008 2781; x_wconf 73' lang='lat' dir='ltr'>Ratione</span> <span class='ocrx_word' id='word_1_193' title='bbox 1024 2714 1152 2778; x_wconf 84' lang='lat' dir='ltr'>Domino</span> <span class='ocrx_word' id='word_1_194' title='bbox 1171 2710 1313 2799; x_wconf 75' lang='lat' dir='ltr'>Pignorit</span> <span class='ocrx_word' id='word_1_195' title='bbox 1332 2708 1456 2777; x_wconf 81' lang='lat' dir='ltr'>libertem</span> <span class='ocrx_word' id='word_1_196' title='bbox 1478 2707 1520 2797; x_wconf 77' lang='lat' dir='ltr'>est</span> <span class='ocrx_word' id='word_1_197' title='bbox 1540 2712 1571 2775; x_wconf 93' lang='lat' dir='ltr'>in</span> <span class='ocrx_word' id='word_1_198' title='bbox 1590 2712 1733 2798; x_wconf 76' lang='lat' dir='ltr'>ejusmodi</span> <span class='ocrx_word' id='word_1_199' title='bbox 1752 2715 1866 2782; x_wconf 78' lang='lat' dir='ltr'>Terret</span> 
     </span>
     <span class='ocr_line' id='line_1_20' title="bbox 406 2806 1866 2900; baseline 0 -23"><span class='ocrx_word' id='word_1_200' title='bbox 406 2813 594 2900; x_wconf 71' lang='lat' dir='ltr'>oppigneratos</span> <span class='ocrx_word' id='word_1_201' title='bbox 609 2811 650 2876; x_wconf 80' lang='lat' dir='ltr'>ad</span> <span class='ocrx_word' id='word_1_202' title='bbox 670 2808 700 2884; x_wconf 82' lang='lat' dir='ltr'>se</span> <span class='ocrx_word' id='word_1_203' title='bbox 721 2806 862 2891; x_wconf 77' lang='lat' dir='ltr'>reversas</span> <span class='ocrx_word' id='word_1_204' title='bbox 879 2807 937 2894; x_wconf 82' lang='lat' dir='ltr'>sne</span> <span class='ocrx_word' id='word_1_205' title='bbox 952 2811 1115 2898; x_wconf 80' lang='lat' dir='ltr'>Religionis</span> <span class='ocrx_word' id='word_1_206' title='bbox 1132 2811 1317 2874; x_wconf 79' lang='lat' dir='ltr'>Exereiritsrn</span> <span class='ocrx_word' id='word_1_207' title='bbox 1337 2806 1450 2897; x_wconf 79' lang='lat' dir='ltr'>publice</span> <span class='ocrx_word' id='word_1_208' title='bbox 1472 2807 1677 2887; x_wconf 77' lang='lat' dir='ltr'>introducere,</span> <span class='ocrx_word' id='word_1_209' title='bbox 1700 2810 1773 2890; x_wconf 76' lang='lat' dir='ltr'>[sne</span> <span class='ocrx_word' id='word_1_210' title='bbox 1792 2813 1866 2879; x_wconf 77' lang='lat' dir='ltr'>aliis</span> 
     </span>
     <span class='ocr_line' id='line_1_21' title="bbox 406 2899 1865 3001; baseline 0.005 -31"><span class='ocrx_word' id='word_1_211' title='bbox 406 2907 520 2976; x_wconf 70' lang='lat' dir='ltr'>&#39;oletis</span> <span class='ocrx_word' id='word_1_212' title='bbox 540 2909 574 2975; x_wconf 81' lang='lat' dir='ltr'>id</span> <span class='ocrx_word' id='word_1_213' title='bbox 593 2907 686 2999; x_wconf 72' lang='lat' dir='ltr'>ipsum</span> <span class='ocrx_word' id='word_1_214' title='bbox 708 2911 846 2974; x_wconf 84' lang='lat' dir='ltr'>Dominis</span> <span class='ocrx_word' id='word_1_215' title='bbox 865 2906 1111 2975; x_wconf 78' lang='lat' dir='ltr'>Terrirorislibns</span> <span class='ocrx_word' id='word_1_216' title='bbox 1126 2905 1250 2971; x_wconf 82' lang='lat' dir='ltr'>liberum</span> <span class='ocrx_word' id='word_1_217' title='bbox 1271 2927 1331 2970; x_wconf 86' lang='lat' dir='ltr'>nan</span> <span class='ocrx_word' id='word_1_218' title='bbox 1345 2922 1430 2972; x_wconf 78' lang='lat' dir='ltr'>eroes</span> <span class='ocrx_word' id='word_1_219' title='bbox 1453 2923 1570 2970; x_wconf 87' lang='lat' dir='ltr'>verum</span> <span class='ocrx_word' id='word_1_220' title='bbox 1587 2899 1750 2973; x_wconf 80' lang='lat' dir='ltr'>Debilitas</span> <span class='ocrx_word' id='word_1_221' title='bbox 1765 2903 1865 3001; x_wconf 80' lang='lat' dir='ltr'>hujus</span> 
     </span>
     <span class='ocr_line' id='line_1_22' title="bbox 406 2996 1866 3097; baseline -0.002 -21"><span class='ocrx_word' id='word_1_222' title='bbox 406 3003 588 3093; x_wconf 68' lang='lat' dir='ltr'>strumenti</span> <span class='ocrx_word' id='word_1_223' title='bbox 611 3025 652 3074; x_wconf 91' lang='lat' dir='ltr'>eo</span> <span class='ocrx_word' id='word_1_224' title='bbox 672 3006 778 3092; x_wconf 85' lang='lat' dir='ltr'>magis</span> <span class='ocrx_word' id='word_1_225' title='bbox 803 3023 911 3097; x_wconf 87' lang='lat' dir='ltr'>patet,</span> <span class='ocrx_word' id='word_1_226' title='bbox 936 3025 1005 3097; x_wconf 92' lang='lat' dir='ltr'>quo</span> <span class='ocrx_word' id='word_1_227' title='bbox 1028 3003 1151 3070; x_wconf 85' lang='lat' dir='ltr'>certius</span> <span class='ocrx_word' id='word_1_228' title='bbox 1176 2996 1320 3077; x_wconf 77' lang='lat' dir='ltr'>constat,</span> <span class='ocrx_word' id='word_1_229' title='bbox 1343 3005 1590 3090; x_wconf 84' lang='lat' dir='ltr'>Argumentum</span> <span class='ocrx_word' id='word_1_230' title='bbox 1614 3005 1805 3092; x_wconf 78' lang='lat' dir='ltr'>negativum</span> <span class='ocrx_word' id='word_1_231' title='bbox 1830 3005 1866 3073; x_wconf 90' lang='lat' dir='ltr'>io</span> 
     </span>
     <span class='ocr_line' id='line_1_23' title="bbox 405 3092 1867 3196; baseline 0.001 -26"><span class='ocrx_word' id='word_1_232' title='bbox 405 3101 470 3194; x_wconf 80' lang='lat' dir='ltr'>Jure</span> <span class='ocrx_word' id='word_1_233' title='bbox 482 3100 606 3170; x_wconf 86' lang='lat' dir='ltr'>nullius</span> <span class='ocrx_word' id='word_1_234' title='bbox 625 3099 721 3196; x_wconf 89' lang='lat' dir='ltr'>plane</span> <span class='ocrx_word' id='word_1_235' title='bbox 737 3099 787 3170; x_wconf 88' lang='lat' dir='ltr'>vel</span> <span class='ocrx_word' id='word_1_236' title='bbox 808 3099 988 3171; x_wconf 84' lang='lat' dir='ltr'>admodum</span> <span class='ocrx_word' id='word_1_237' title='bbox 1004 3100 1114 3189; x_wconf 82' lang='lat' dir='ltr'>exigui</span> <span class='ocrx_word' id='word_1_238' title='bbox 1132 3093 1194 3168; x_wconf 82' lang='lat' dir='ltr'>else</span> <span class='ocrx_word' id='word_1_239' title='bbox 1214 3096 1391 3176; x_wconf 64' lang='lat' dir='ltr'>ponderis,</span> <span class='ocrx_word' id='word_1_240' title='bbox 1416 3120 1482 3164; x_wconf 89' lang='lat' dir='ltr'>non</span> <span class='ocrx_word' id='word_1_241' title='bbox 1498 3098 1586 3166; x_wconf 90' lang='lat' dir='ltr'>enim</span> <span class='ocrx_word' id='word_1_242' title='bbox 1600 3092 1766 3192; x_wconf 89' lang='lat' dir='ltr'>sequitur:</span> <span class='ocrx_word' id='word_1_243' title='bbox 1791 3099 1867 3172; x_wconf 88' lang='lat' dir='ltr'>Do·</span> 
     </span>
     <span class='ocr_line' id='line_1_24' title="bbox 405 3191 1880 3295; baseline 0.003 -29"><span class='ocrx_word' id='word_1_244' title='bbox 405 3199 469 3268; x_wconf 89' lang='lat' dir='ltr'>mini</span> <span class='ocrx_word' id='word_1_245' title='bbox 495 3199 665 3270; x_wconf 85' lang='lat' dir='ltr'>reluentes</span> <span class='ocrx_word' id='word_1_246' title='bbox 688 3196 810 3270; x_wconf 86' lang='lat' dir='ltr'>habent</span> <span class='ocrx_word' id='word_1_247' title='bbox 829 3202 892 3295; x_wconf 82' lang='lat' dir='ltr'>Jus</span> <span class='ocrx_word' id='word_1_248' title='bbox 907 3195 997 3269; x_wconf 87' lang='lat' dir='ltr'>suam</span> <span class='ocrx_word' id='word_1_249' title='bbox 1020 3198 1229 3289; x_wconf 86' lang='lat' dir='ltr'>Religionem</span> <span class='ocrx_word' id='word_1_250' title='bbox 1250 3191 1482 3265; x_wconf 84' lang='lat' dir='ltr'>introducendi</span> <span class='ocrx_word' id='word_1_251' title='bbox 1503 3196 1537 3262; x_wconf 94' lang='lat' dir='ltr'>in</span> <span class='ocrx_word' id='word_1_252' title='bbox 1551 3197 1693 3280; x_wconf 86' lang='lat' dir='ltr'>Terris,</span> <span class='ocrx_word' id='word_1_253' title='bbox 1721 3222 1880 3292; x_wconf 87' lang='lat' dir='ltr'>quatum</span> 
     </span>
     <span class='ocr_line' id='line_1_25' title="bbox 405 3288 1864 3393; baseline 0.003 -31"><span class='ocrx_word' id='word_1_254' title='bbox 405 3288 731 3377; x_wconf 63' lang='lat' dir='ltr'>laurenrentio,</span> <span class='ocrx_word' id='word_1_255' title='bbox 758 3318 840 3388; x_wconf 85' lang='lat' dir='ltr'>ergo</span> <span class='ocrx_word' id='word_1_256' title='bbox 862 3296 982 3393; x_wconf 85' lang='lat' dir='ltr'>reliqui</span> <span class='ocrx_word' id='word_1_257' title='bbox 1005 3295 1147 3367; x_wconf 90' lang='lat' dir='ltr'>Domini</span> <span class='ocrx_word' id='word_1_258' title='bbox 1170 3291 1411 3365; x_wconf 86' lang='lat' dir='ltr'>Tetritoriales</span> <span class='ocrx_word' id='word_1_259' title='bbox 1435 3291 1467 3360; x_wconf 90' lang='lat' dir='ltr'>in</span> <span class='ocrx_word' id='word_1_260' title='bbox 1493 3290 1557 3362; x_wconf 88' lang='lat' dir='ltr'>suis</span> <span class='ocrx_word' id='word_1_261' title='bbox 1572 3296 1775 3365; x_wconf 87' lang='lat' dir='ltr'>Territotiis</span> <span class='ocrx_word' id='word_1_262' title='bbox 1797 3321 1864 3366; x_wconf 91' lang='lat' dir='ltr'>non</span> 
     </span>
     <span class='ocr_line' id='line_1_26' title="bbox 403 3387 1863 3491; baseline 0.003 -30"><span class='ocrx_word' id='word_1_263' title='bbox 403 3390 526 3465; x_wconf 85' lang='lat' dir='ltr'>habent:</span> <span class='ocrx_word' id='word_1_264' title='bbox 553 3417 695 3485; x_wconf 85' lang='lat' dir='ltr'>negatur</span> <span class='ocrx_word' id='word_1_265' title='bbox 714 3397 802 3465; x_wconf 88' lang='lat' dir='ltr'>enim</span> <span class='ocrx_word' id='word_1_266' title='bbox 818 3393 1081 3491; x_wconf 86' lang='lat' dir='ltr'>Consequentia,</span> <span class='ocrx_word' id='word_1_267' title='bbox 1105 3393 1189 3488; x_wconf 90' lang='lat' dir='ltr'>quid</span> <span class='ocrx_word' id='word_1_268' title='bbox 1210 3417 1298 3464; x_wconf 86' lang='lat' dir='ltr'>emm</span> <span class='ocrx_word' id='word_1_269' title='bbox 1320 3389 1450 3463; x_wconf 78' lang='lat' dir='ltr'>oblias?</span> <span class='ocrx_word' id='word_1_270' title='bbox 1475 3413 1512 3461; x_wconf 93' lang='lat' dir='ltr'>ut</span> <span class='ocrx_word' id='word_1_271' title='bbox 1536 3387 1625 3463; x_wconf 90' lang='lat' dir='ltr'>hisce</span> <span class='ocrx_word' id='word_1_272' title='bbox 1644 3394 1706 3487; x_wconf 84' lang='lat' dir='ltr'>Jus</span> <span class='ocrx_word' id='word_1_273' title='bbox 1727 3416 1863 3485; x_wconf 84' lang='lat' dir='ltr'>genera·</span> 
     </span>
     <span class='ocr_line' id='line_1_27' title="bbox 404 3486 1865 3589; baseline 0.001 -30"><span class='ocrx_word' id='word_1_274' title='bbox 404 3487 545 3586; x_wconf 85' lang='lat' dir='ltr'>littrjom</span> <span class='ocrx_word' id='word_1_275' title='bbox 564 3515 757 3589; x_wconf 89' lang='lat' dir='ltr'>competens</span> <span class='ocrx_word' id='word_1_276' title='bbox 776 3494 919 3565; x_wconf 78' lang='lat' dir='ltr'>denoto</span> <span class='ocrx_word' id='word_1_277' title='bbox 933 3499 967 3564; x_wconf 91' lang='lat' dir='ltr'>in</span> <span class='ocrx_word' id='word_1_278' title='bbox 984 3490 1068 3564; x_wconf 87' lang='lat' dir='ltr'>Casu</span> <span class='ocrx_word' id='word_1_279' title='bbox 1085 3487 1235 3582; x_wconf 83' lang='lat' dir='ltr'>lingulati</span> <span class='ocrx_word' id='word_1_280' title='bbox 1254 3486 1424 3587; x_wconf 77' lang='lat' dir='ltr'>proposito</span> <span class='ocrx_word' id='word_1_281' title='bbox 1440 3486 1626 3584; x_wconf 81' lang='lat' dir='ltr'>specialiter</span> <span class='ocrx_word' id='word_1_282' title='bbox 1639 3490 1865 3580; x_wconf 85' lang='lat' dir='ltr'>exAbundan·</span> 
     </span>
     <span class='ocr_line' id='line_1_28' title="bbox 403 3584 1863 3686; baseline 0.001 -27"><span class='ocrx_word' id='word_1_283' title='bbox 403 3588 618 3686; x_wconf 78' lang='lat' dir='ltr'>lisqusdam,</span> <span class='ocrx_word' id='word_1_284' title='bbox 649 3614 723 3685; x_wconf 83' lang='lat' dir='ltr'>quae</span> <span class='ocrx_word' id='word_1_285' title='bbox 744 3588 966 3663; x_wconf 80' lang='lat' dir='ltr'>instrumento</span> <span class='ocrx_word' id='word_1_286' title='bbox 995 3590 1085 3661; x_wconf 85' lang='lat' dir='ltr'>Pacis</span> <span class='ocrx_word' id='word_1_287' title='bbox 1112 3584 1272 3684; x_wconf 87' lang='lat' dir='ltr'>frequens</span> <span class='ocrx_word' id='word_1_288' title='bbox 1306 3584 1586 3671; x_wconf 73' lang='lat' dir='ltr'>admodumest,</span> <span class='ocrx_word' id='word_1_289' title='bbox 1618 3586 1863 3660; x_wconf 79' lang='lat' dir='ltr'>confirmetur?</span> 
     </span>
     <span class='ocr_line' id='line_1_29' title="bbox 406 3679 1865 3783; baseline 0.003 -29"><span class='ocrx_word' id='word_1_290' title='bbox 406 3685 472 3778; x_wconf 89' lang='lat' dir='ltr'>tdo)</span> <span class='ocrx_word' id='word_1_291' title='bbox 498 3713 567 3758; x_wconf 90' lang='lat' dir='ltr'>non</span> <span class='ocrx_word' id='word_1_292' title='bbox 586 3687 661 3758; x_wconf 86' lang='lat' dir='ltr'>satis</span> <span class='ocrx_word' id='word_1_293' title='bbox 675 3687 887 3771; x_wconf 82' lang='lat' dir='ltr'>mitandum,</span> <span class='ocrx_word' id='word_1_294' title='bbox 912 3686 1001 3782; x_wconf 90' lang='lat' dir='ltr'>quod</span> <span class='ocrx_word' id='word_1_295' title='bbox 1045 3679 1652 3780; x_wconf 69' lang='lat' dir='ltr'>relaudatusAuthorDisposttionem</span> <span class='ocrx_word' id='word_1_296' title='bbox 1669 3683 1767 3779; x_wconf 79' lang='lat' dir='ltr'>hujus</span> <span class='ocrx_word' id='word_1_297' title='bbox 1783 3686 1865 3783; x_wconf 86' lang='lat' dir='ltr'>§phi</span> 
     </span>
     <span class='ocr_line' id='line_1_30' title="bbox 404 3712 1864 3886; baseline 0 -30"><span class='ocrx_word' id='word_1_298' title='bbox 404 3806 454 3856; x_wconf 85' lang='lat' dir='ltr'>noo</span> <span class='ocrx_word' id='word_1_299' title='bbox 475 3810 515 3855; x_wconf 83' lang='lat' dir='ltr'>et</span> <span class='ocrx_word' id='word_1_300' title='bbox 533 3789 620 3883; x_wconf 91' lang='lat' dir='ltr'>Jure</span> <span class='ocrx_word' id='word_1_301' title='bbox 639 3779 846 3886; x_wconf 61' lang='lat' dir='ltr'>rcfopm&#39;andi</span> <span class='ocrx_word' id='word_1_302' title='bbox 870 3785 902 3857; x_wconf 75' lang='lat' dir='ltr'>u</span> <span class='ocrx_word' id='word_1_303' title='bbox 924 3712 1052 3878; x_wconf 71' lang='lat' dir='ltr'>Regni·</span> <span class='ocrx_word' id='word_1_304' title='bbox 1073 3783 1264 3865; x_wconf 85' lang='lat' dir='ltr'>deduxerit,</span> <span class='ocrx_word' id='word_1_305' title='bbox 1289 3779 1345 3854; x_wconf 90' lang='lat' dir='ltr'>sed</span> <span class='ocrx_word' id='word_1_306' title='bbox 1370 3779 1543 3879; x_wconf 82' lang='lat' dir='ltr'>specialem</span> <span class='ocrx_word' id='word_1_307' title='bbox 1567 3782 1774 3855; x_wconf 87' lang='lat' dir='ltr'>contenderit</span> <span class='ocrx_word' id='word_1_308' title='bbox 1799 3781 1864 3856; x_wconf 84' lang='lat' dir='ltr'>esse</span> 
     </span>
     <span class='ocr_line' id='line_1_31' title="bbox 404 3875 2014 3980; baseline 0.001 -30"><span class='ocrx_word' id='word_1_309' title='bbox 404 3881 643 3980; x_wconf 84' lang='lat' dir='ltr'>Exceptionem,</span> <span class='ocrx_word' id='word_1_310' title='bbox 665 3886 746 3956; x_wconf 59' lang='lat' dir='ltr'>cum*</span> <span class='ocrx_word' id='word_1_311' title='bbox 764 3881 843 3955; x_wconf 83' lang='lat' dir='ltr'>tlibi</span> <span class='ocrx_word' id='word_1_312' title='bbox 869 3906 979 3956; x_wconf 90' lang='lat' dir='ltr'>tamen</span> <span class='ocrx_word' id='word_1_313' title='bbox 1000 3908 1064 3980; x_wconf 89' lang='lat' dir='ltr'>pro</span> <span class='ocrx_word' id='word_1_314' title='bbox 1087 3879 1257 3953; x_wconf 84' lang='lat' dir='ltr'>Libertate</span> <span class='ocrx_word' id='word_1_315' title='bbox 1276 3877 1510 3951; x_wconf 88' lang='lat' dir='ltr'>introducendi</span> <span class='ocrx_word' id='word_1_316' title='bbox 1534 3875 1763 3953; x_wconf 82' lang='lat' dir='ltr'>fimultaneum</span> <span class='ocrx_word' id='word_1_317' title='bbox 1785 3904 1863 3978; x_wconf 88' lang='lat' dir='ltr'>pro·</span> <span class='ocrx_word' id='word_1_318' title='bbox 2010 3923 2014 3928; x_wconf 95' lang='lat'>·</span> 
     </span>
     <span class='ocr_line' id='line_1_32' title="bbox 405 3975 1863 4078; baseline 0.003 -32"><span class='ocrx_word' id='word_1_319' title='bbox 405 3975 509 4052; x_wconf 87' lang='lat' dir='ltr'>luente</span> <span class='ocrx_word' id='word_1_320' title='bbox 522 4006 562 4053; x_wconf 84' lang='lat' dir='ltr'>ex</span> <span class='ocrx_word' id='word_1_321' title='bbox 576 3985 661 4078; x_wconf 89' lang='lat' dir='ltr'>Jure</span> <span class='ocrx_word' id='word_1_322' title='bbox 674 3975 879 4053; x_wconf 79' lang='lat' dir='ltr'>reformandi</span> <span class='ocrx_word' id='word_1_323' title='bbox 897 3977 1041 4064; x_wconf 83' lang='lat' dir='ltr'>steterit,</span> <span class='ocrx_word' id='word_1_324' title='bbox 1063 3979 1215 4077; x_wconf 85' lang='lat' dir='ltr'>adeoque</span> <span class='ocrx_word' id='word_1_325' title='bbox 1229 4001 1338 4078; x_wconf 88' lang='lat' dir='ltr'>patet,</span> <span class='ocrx_word' id='word_1_326' title='bbox 1356 3976 1447 4076; x_wconf 91' lang='lat' dir='ltr'>quod</span> <span class='ocrx_word' id='word_1_327' title='bbox 1460 3979 1496 4048; x_wconf 92' lang='lat' dir='ltr'><strong>H</strong></span> <span class='ocrx_word' id='word_1_328' title='bbox 1507 3975 1780 4054; x_wconf 66' lang='lat' dir='ltr'>suuldusfibi</span> <span class='ocrx_word' id='word_1_329' title='bbox 1795 4003 1863 4052; x_wconf 87' lang='lat' dir='ltr'>noa</span> 
     </span>
    </p>
   </div>
   <div class='ocr_carea' id='block_1_4' title="bbox 404 4071 1045 4151">
    <p class='ocr_par' dir='ltr' id='par_1_5' title="bbox 404 4071 1045 4151">
     <span class='ocr_line' id='line_1_33' title="bbox 404 4071 1045 4151; baseline 0.011 -8"><span class='ocrx_word' id='word_1_330' title='bbox 404 4071 461 4148; x_wconf 85' lang='lat' dir='ltr'>satis</span> <span class='ocrx_word' id='word_1_331' title='bbox 475 4075 579 4151; x_wconf 88' lang='lat' dir='ltr'>suerit</span> <span class='ocrx_word' id='word_1_332' title='bbox 595 4075 744 4150; x_wconf 87' lang='lat' dir='ltr'>conllans</span> <span class='ocrx_word' id='word_1_333' title='bbox 762 4082 794 4149; x_wconf 91' lang='lat' dir='ltr'>in</span> <span class='ocrx_word' id='word_1_334' title='bbox 812 4079 872 4150; x_wconf 87' lang='lat' dir='ltr'>hac</span> <span class='ocrx_word' id='word_1_335' title='bbox 889 4080 1045 4151; x_wconf 83' lang='lat' dir='ltr'>Materia.</span> 
     </span>
    </p>
   </div>
   <div class='ocr_carea' id='block_1_5' title="bbox 433 4218 1132 4324">
    <p class='ocr_par' dir='ltr' id='par_1_6' title="bbox 433 4218 1132 4324">
     <span class='ocr_line' id='line_1_34' title="bbox 433 4218 1132 4324; baseline -0.006 -34"><span class='ocrx_word' id='word_1_336' title='bbox 433 4224 444 4257; x_wconf 82' lang='lat'>⁸</span> <span class='ocrx_word' id='word_1_337' title='bbox 467 4224 504 4290; x_wconf 89' lang='lat' dir='ltr'>In</span> <span class='ocrx_word' id='word_1_338' title='bbox 520 4222 607 4290; x_wconf 80' lang='lat' dir='ltr'>Mea.</span> <span class='ocrx_word' id='word_1_339' title='bbox 620 4224 662 4288; x_wconf 82' lang='lat' dir='ltr'>ad</span> <span class='ocrx_word' id='word_1_340' title='bbox 679 4222 770 4324; x_wconf 75' lang='lat' dir='ltr'>insit.</span> <span class='ocrx_word' id='word_1_341' title='bbox 786 4218 956 4302; x_wconf 81' lang='lat' dir='ltr'>Porisspet.</span> <span class='ocrx_word' id='word_1_342' title='bbox 971 4242 1001 4304; x_wconf 79' lang='lat'>3.</span> <span class='ocrx_word' id='word_1_343' title='bbox 1018 4240 1049 4304; x_wconf 85' lang='lat' dir='ltr'>p.</span> <span class='ocrx_word' id='word_1_344' title='bbox 1062 4241 1132 4304; x_wconf 82' lang='lat'>331.</span> 
     </span>
    </p>
   </div>
   <div class='ocr_carea' id='block_1_6' title="bbox 497 4407 1863 4632">
    <p class='ocr_par' dir='ltr' id='par_1_7' title="bbox 497 4407 1863 4632">
     <span class='ocr_line' id='line_1_35' title="bbox 974 4407 1240 4495; baseline 0.011 -5"><span class='ocrx_word' id='word_1_345' title='bbox 974 4429 977 4436; x_wconf 85' lang='lat'>&#39;</span> <span class='ocrx_word' id='word_1_346' title='bbox 1057 4407 1092 4490; x_wconf 79' lang='lat'>§-</span> <span class='ocrx_word' id='word_1_347' title='bbox 1144 4424 1203 4495; x_wconf 77' lang='lat'>³7·</span> <span class='ocrx_word' id='word_1_348' title='bbox 1237 4427 1240 4432; x_wconf 86' lang='lat'>&#39;</span> 
     </span>
     <span class='ocr_line' id='line_1_36' title="bbox 497 4528 1863 4632; baseline -0.001 -27"><span class='ocrx_word' id='word_1_349' title='bbox 497 4535 621 4632; x_wconf 80' lang='lat' dir='ltr'>Qoad</span> <span class='ocrx_word' id='word_1_350' title='bbox 645 4535 801 4619; x_wconf 64' lang='lat' dir='ltr'>frenosum</span> <span class='ocrx_word' id='word_1_351' title='bbox 824 4540 963 4631; x_wconf 76' lang='lat' dir='ltr'>capnt,</span> <span class='ocrx_word' id='word_1_352' title='bbox 998 4534 1078 4630; x_wconf 89' lang='lat' dir='ltr'>quid</span> <span class='ocrx_word' id='word_1_353' title='bbox 1107 4530 1202 4630; x_wconf 90' lang='lat' dir='ltr'>poslit</span> <span class='ocrx_word' id='word_1_354' title='bbox 1225 4529 1377 4624; x_wconf 73' lang='lat' dir='ltr'>signaris</span> <span class='ocrx_word' id='word_1_355' title='bbox 1403 4532 1570 4604; x_wconf 83' lang='lat' dir='ltr'>Dominus</span> <span class='ocrx_word' id='word_1_356' title='bbox 1590 4531 1676 4602; x_wconf 89' lang='lat' dir='ltr'>circa</span> <span class='ocrx_word' id='word_1_357' title='bbox 1697 4528 1863 4604; x_wconf 81' lang='lat' dir='ltr'>Abolitio-</span> 
     </span>
    </p>
   </div>
   <div class='ocr_carea' id='block_1_7' title="bbox 367 4619 1861 4799">
    <p class='ocr_par' dir='ltr' id='par_1_8' title="bbox 367 4619 1861 4799">
     <span class='ocr_line' id='line_1_37' title="bbox 367 4619 1861 4728; baseline -0.004 -22"><span class='ocrx_word' id='word_1_358' title='bbox 367 4621 372 4666; x_wconf 83' lang='lat'>&#39;</span> <span class='ocrx_word' id='word_1_359' title='bbox 403 4655 460 4706; x_wconf 76' lang='lat' dir='ltr'>nem</span> <span class='ocrx_word' id='word_1_360' title='bbox 475 4637 664 4728; x_wconf 84' lang='lat' dir='ltr'>Religionis</span> <span class='ocrx_word' id='word_1_361' title='bbox 682 4634 822 4704; x_wconf 88' lang='lat' dir='ltr'>durante</span> <span class='ocrx_word' id='word_1_362' title='bbox 841 4636 992 4726; x_wconf 77' lang='lat' dir='ltr'>l&#39;ignoris</span> <span class='ocrx_word' id='word_1_363' title='bbox 1017 4641 1116 4705; x_wconf 79' lang='lat' dir='ltr'>Nexu</span> <span class='ocrx_word' id='word_1_364' title='bbox 1132 4658 1148 4702; x_wconf 93' lang='lat' dir='ltr'>a</span> <span class='ocrx_word' id='word_1_365' title='bbox 1163 4631 1338 4702; x_wconf 86' lang='lat' dir='ltr'>Creditote</span> <span class='ocrx_word' id='word_1_366' title='bbox 1358 4619 1609 4701; x_wconf 64' lang='lat' dir='ltr'>introduiia&#39;m?</span> <span class='ocrx_word' id='word_1_367' title='bbox 1640 4652 1716 4699; x_wconf 90' lang='lat' dir='ltr'>cum</span> <span class='ocrx_word' id='word_1_368' title='bbox 1741 4627 1861 4701; x_wconf 87' lang='lat' dir='ltr'>subditi</span> 
     </span>
     <span class='ocr_line' id='line_1_38' title="bbox 1142 4732 1861 4799; baseline 0.001 -2"><span class='ocrx_word' id='word_1_369' title='bbox 1142 4734 1172 4797; x_wconf 84' lang='lat' dir='ltr'><strong>Y</strong></span> <span class='ocrx_word' id='word_1_370' title='bbox 1200 4757 1217 4799; x_wconf 89' lang='lat'>2</span> <span class='ocrx_word' id='word_1_371' title='bbox 1831 4732 1861 4798; x_wconf 77' lang='lat' dir='ltr'>ui</span> 
     </span>
    </p>
   </div>
   <div class='ocr_carea' id='block_1_8' title="bbox 0 0 2480 5561">
    <p class='ocr_par' dir='ltr' id='par_1_9' title="bbox 0 0 2480 5561">
     <span class='ocr_line' id='line_1_39' title="bbox 0 0 2480 5561; baseline 0 0"><span class='ocrx_word' id='word_1_372' title='bbox 0 0 2480 5561; x_wconf 95' lang='lat' dir='ltr'> </span> 
     </span>
    </p>
   </div>
  </div>
 </body>
</html>
