4950 5567
350 3121 355 3128 “
500 3105 617 3199 nequit
635 3096 691 3169 lbi
708 3102 884 3170 Sacrorum
902 3120 1015 3168 curem
1039 3123 1213 3192 arrogare,
1234 3123 1334 3196 atque
1347 3097 1600 3174 Ecclefinslicam
1624 3104 1658 3170 in
1677 3102 1770 3174 diver

491 619 540 718 ,s
943 603 1525 688 otssssrnsto

462 775 468 782 ¹
491 791 621 870 fuerint
637 787 782 891 proprio
798 784 983 870 constituti,
999 788 1058 884 qui
1074 783 1181 860 sensus
1195 785 1258 886 ipsi
1270 790 1397 886 puriter
1412 781 1618 861 summorum
1625 779 1863 862 Paciscendum
1875 807 1932 864 me

492 889 541 967 est
561 916 623 989 per
639 890 751 962 omnia
767 881 964 958 conformis.
998 887 1170 998 .¹.)‘¹¹lq⁰.⁶
1188 890 1304 981 ecquis
1321 883 1522 981 persuadere
1537 880 1595 958 sibi
1610 889 1756 984 poterit,
1771 887 1907 1002 hones.
1923 923 1932 960 t

493 977 1186 1172 tttttzttstts‘tzslllsttil
1204 977 1932 1180 {tillutlsttttltzstlsltst

492 1182 645 1280 spicuum
661 1175 790 1275 oppido
804 1175 982 1249 voluntatis
998 1172 1234 1246 Paciscentium
1253 1176 1417 1249 indicium
1436 1172 1532 1257 adsit,
1581 1175 1669 1259 uod,
1683 1176 1851 1274 quidquid
1866 1177 1932 1250 hoc

491 1279 583 1376 §plto
602 1273 687 1372 sepe
702 1275 758 1345 cit.
776 1283 835 1361 48.
861 1274 937 1369 Juri
955 1269 1148 1342 Dioeccsano
1158 1272 1333 1368 Episcopi,
1357 1201 1626 1346 uioeccseoaluae
1640 1275 1765 1346 intuitu
1780 1269 1931 1359 dcceffit,

493 1375 668 1449 territorio
684 1369 804 1441 deinde
816 1369 1022 1450 accreverit,
1046 1393 1112 1462 qua
1125 1371 1405 1465 interpretatione
1419 1366 1649 1443 controversae
1669 1393 1786 1442 omncs
1807 1395 1911 1468 quent
1930 1433 1932 1442 .

493 1472 619 1545 cillimc
636 1467 793 1578 componi
811 1466 845 1539 dr
861 1461 992 1560 possunt
1007 1465 1038 1536 dt
1054 1464 1187 1538 debent.
1238 1471 1313 1537 stno
1334 1467 1508 1575 noverint,
1539 1470 1619 1541 DD.
1642 1465 1884 1552 Proreslsntes‚
1912 1493 1932 1540 n

495 1588 682 1740 :lillis
697 1561 1627 1754 lsttlss‘ll‘ullslllslzl'sllsltilll
1645 1560 1932 1752 spissis

493 1785 571 1836 runt
591 1759 713 1829 intuitu
728 1759 816 1826 intra
832 1758 994 1827 territorii
1011 1755 1156 1851 cujusvis
1165 1755 1288 1826 limitcs
1302 1759 1431 1828 interea
1444 1752 1612 1828 subsilere
1626 1753 1747 1850 jussum
1755 1751 1871 1840 fuisscs
1886 1782 1932 1832 cut

497 1881 565 1958 que
582 1849 810 1927 Dioeccssnum
827 1859 868 1922 Α.
887 1855 925 1922 C.
944 1857 1122 1948 proprium
1145 1851 1363 1924 Protesssnrcs
1384 1851 1559 1923 admittant
1579 1852 1730 1934 nullum,
1767 1856 1855 1926 ratio
1874 1877 1932 1969 pat

497 1981 558 2028 cur
572 1979 590 2025 r
606 1952 714 2050 priori
733 1945 905 2020 adversum
923 1947 1105 2044 Episcopus
1120 1955 1165 2021 Α.
1183 1953 1223 2022 C.
1240 1949 1299 2043 qui
1319 1945 1392 2020 sunt
1405 1946 1601 2020 Lubccensts
1623 1949 1829 2046 alternisque
1851 1949 1932 2024 vtcil

500 2045 776 2140 Osnabtngcnfis,
803 2045 835 2116 dt
852 2044 935 2115 altos
950 2040 1057 2127 sorte,
1082 2049 1176 2140 queis
1189 2048 1223 2115 in
1242 2041 1543 2142 compensationem
1565 2068 1601 2118 sc
1618 2041 1877 2120 satisfasiioncm
1891 2051 1925 2120 in

498 2155 557 2220 W.
574 2144 790 2242 Episcopatus
812 2166 877 2211 una
899 2166 975 2213 cum
998 2140 1092 2213 bonis
1115 2139 1343 2214 Ecclcstnslicia
1369 2139 1507 2215 concessi
1526 2136 1680 2226 fuerunt,
1711 2141 1932 2240 prospiceres

496 2243 685 2320 voluerint,
706 2263 747 2310 nc
764 2239 796 2310 dt
813 2239 847 2309 hi
864 2234 921 2308 sub
934 2241 1027 2333 Jttris
1041 2237 1224 2308 Diosccsani
1243 2237 1384 2311 obtentu
1405 2245 1439 2311 in
1459 2238 1603 2312 aliorum
1625 2242 1777 2312 stantum
1799 2243 1932 2314 territos

497 2339 666 2440 quondam
681 2339 716 2408 in
732 2337 840 2406 Sacris
856 2358 987 2430 portem
1004 2331 1062 2405 sibi
1078 2335 1268 2417 vendicent,
1299 2333 1392 2408 scuti
1405 2338 1505 2412 citata
1517 2333 1636 2414 rerba:
1673 2342 1779 2437 Qut
1802 2343 1887 2416 isset
1904 2343 1932 2436 ig

494 2441 572 2533 [slas
593 2435 775 2534 Argustana
791 2433 979 2528 Gtsseffitttir
993 2435 1055 2510 &a
1073 2431 1218 2507 dilucide
1237 2429 1441 2508 mellancos.

1124 2661 1158 2760 t.
1208 2663 1364 2740 xutv.

528 2829 530 2834 '
618 2813 777 2888 Graviter
791 2830 898 2905 porro
910 2805 1114 2880 contendunt
1132 2810 1210 2878 DD.
1227 2807 1446 2883 Protcslantcs
1463 2833 1501 2882 ec
1516 2805 1626 2904 ajunt:
1650 2779 1932 2908 Jorssdissiooiss

501 2907 684 2988 clestrslicae
701 2909 913 2986 exercitium,
939 2927 1084 2999 curaque
1108 2900 1276 2977 sacrorum
1297 2903 1344 2978 cst
1358 2906 1399 2978 dc
1414 2909 1546 2979 innexis
1563 2909 1747 2999 Religionis
1763 2933 1793 2984 a.
1813 2933 1844 2999 5·
1869 2913 1901 3000 §·
1919 2935 1932 3000 3

499 3017 566 3082 Hos
594 3027 694 3076 samen
720 3027 778 3072 non
801 3001 932 3090 obstante
949 3003 1009 3076 &a
1036 3023 1246 3100 quapropter
1265 3006 1324 3099 qui
1339 3003 1550 3095 Religionem
1573 3012 1615 3078 Α.
1633 3010 1672 3078 C.
1694 3030 1761 3077 nou
1771 3003 1932 3172 profitett

1784 3128 1811 3172 rc
1826 3100 1901 3175 Reli
1927 3107 1932 3122 '

500 3204 553 3271 nis
570 3195 716 3268 subditos
727 3190 994 3289 jurisdislionem
1009 3219 1173 3270 exercete.
1224 3195 1316 3294 Quid
1335 3200 1405 3270 itas
1435 3195 1534 3268 Dtsia
1550 3193 1716 3270 referatur
1730 3223 1809 3271 cuca
1822 3127 1932 3272 intergl

500 3321 575 3394 que
589 3293 662 3364 sunt
684 3317 806 3364 snncra
822 3293 869 3364 A.
884 3296 922 3363 C.
943 3290 1083 3387 ejusque
1109 3295 1277 3375 exercitii,
1304 3318 1361 3375 co,
1388 3293 1479 3389 quod
1493 3292 1535 3363 ad
1549 3293 1676 3366 cultum
1701 3296 1790 3365 illius
1804 3317 1932 3368 exterra

499 3399 566 3467 rite
580 3389 816 3464 instituendum
837 3388 1007 3483 precipue
1027 3388 1158 3471 tendsr;
1188 3390 1221 3460 id
1237 3414 1303 3462 non
1318 3388 1455 3462 molcslc
1470 3392 1599 3486 patior:
1626 3414 1659 3463 at
1675 3391 1755 3486 quid
1771 3391 1873 3464 inde?
1898 3418 1932 3490 qt

499 3487 657 3585 sequela?
681 3508 805 3578 ergone
826 3507 906 3555 cora
923 3483 994 3555 haec
1015 3483 1182 3569 sacrorum
1200 3483 1419 3559 Coofcffionis
1444 3483 1530 3584 saepe
1554 3511 1744 3559 memoratae
1770 3491 1932 3561 anocrisr

498 3586 521 3660 s
539 3585 614 3658 essu
635 3580 757 3655 subditi
780 3578 958 3676 cujuslibet
978 3578 1165 3675 singillatim
1187 3581 1224 3655 fit
1240 3583 1342 3679 usque
1359 3582 1442 3656 adeo
1459 3584 1680 3676 agglutinata,
1702 3607 1755 3667 ut,
1780 3588 1932 3683 quicuoq

497 3613 653 3757 AEtmulae
671 3682 747 3751 stuic
763 3704 829 3750 non
844 3674 1035 3759 subscribit,
1061 3705 1169 3778 neque
1186 3678 1363 3754 direslioni
1377 3684 1464 3754 circa
1479 3680 1616 3753 eandem
1636 3677 1702 3753 sese
1717 3679 1932 3757 immisceret

496 3782 587 3854 leot?
609 3781 663 3850 cui
680 3779 748 3848 hec
764 3799 903 3856 aetetna,
931 3773 953 3845 st
970 3779 1108 3871 Superis
1124 3777 1251 3874 ploret,
1276 3781 1397 3849 veritos
1414 3777 1466 3850 vel
1483 3802 1544 3874 pet
1559 3775 1722 3849 somnium
1737 3779 1876 3850 incidit?
1900 3805 1932 3853 nt

524 3877 636 3948 uidem
652 3875 789 3965 ignoto,
833 3895 932 3943 uanta
954 3877 1075 3943 sirium
1092 3879 1303 3946 contentione
1319 3873 1509 3947 Adversarii
1531 3899 1595 3970 pro
1618 3875 1737 3947 eodem
1756 3873 1932 3971 subjcsloi

498 3902 657 4048 lividulis
676 3979 716 4046 A.
734 3973 773 4043 C.
787 3898 939 4048 assisio,
967 3991 1121 4064 tunquam
1144 3996 1208 4066 pro
1231 3969 1290 4042 suo
1310 3975 1387 4042 novi
1402 3977 1514 4044 Trois
1538 3971 1685 4044 Palladio
1704 3974 1759 4045 hic
1781 3974 1932 4048 decerten

499 4071 580 4169 §phi
596 4068 726 4157 allegati
741 4069 849 4137 tenori
873 4063 1042 4162 operosus
1058 4069 1091 4138 hi
1109 4066 1270 4147 instllunt,
1295 4093 1333 4140 sc
1346 4067 1614 4140 constitutionem
1634 4092 1768 4142 eatenus
1787 4067 1861 4142 sotis
1877 4069 1932 4146 luc

498 4171 622 4242 lentam
646 4159 708 4235 elle
730 4162 911 4257 replicao13
942 4187 1065 4254 ergone
1087 4165 1220 4236 credam
1243 4168 1322 4238 DD.
1336 4163 1558 4237 Protellantcs
1579 4169 1695 4257 iugens
1715 4164 1840 4240 nescire
1854 4165 1932 4242 disci

496 4290 594 4344 men,
620 4260 710 4356 quod
727 4255 862 4330 admisso
877 4261 976 4329 ctiam
993 4261 1075 4350 legis
1090 4259 1180 4334 sensu
1195 4260 1369 4353 ambiguo,
1387 4264 1549 4333 territorii
1567 4266 1655 4332 inter
1670 4266 1867 4335 Dominium
1882 4265 1932 4362 eju

497 4385 565 4460 quc
588 4359 758 4438 subditos,
791 4353 912 4451 quibus
935 4355 1082 4450 publica,
1114 4383 1218 4455 eaque
1242 4355 1352 4429 ctrsla
1370 4363 1412 4429 D.
1430 4365 1467 4430 L.
1487 4358 1708 4431 Nomotltcsta
1727 4362 1894 4456 providit,
1920 4367 1931 4436 i

497 4459 659 4531 tercedit?
682 4453 827 4526 Subditia
841 4451 891 4521 vel
911 4451 976 4520 snln
992 4451 1137 4547 possessio
1155 4479 1349 4550 quncunque
1364 4455 1499 4526 dentum
1514 4459 1589 4525 anni
1610 4457 1787 4529 dcctcrorii
1804 4463 1932 4554 partclt

495 4555 563 4632 bita
578 4557 823 4664 patrocinatur,
850 4548 989 4650 ejusque
1001 4545 1150 4643 fadum,
1164 4550 1379 4634 cunuonnifi
1385 4551 1559 4659 personale
1571 4578 1608 4632 sc
1624 4555 1827 4636 individuale
1843 4555 1933 4733 ‘llll

1274 4689 1277 4694 .
1880 4681 1903 4732 u
1919 4679 1932 4754 Ι

656 4895 662 4906 t
681 4899 689 4906 .
721 4869 893 4906 ..Aga-at.
904 4893 939 4906 -.,,
