4950 5567
577 617 657 702 or
680 591 909 697 susurru
931 610 1206 718 Quouoaar
1228 611 1607 702 orrronoanrrs
1629 623 1696 704 ac.
1819 593 1891 740 ᾗ,
1940 631 1943 636 ,

466 811 528 888 lom
550 808 586 882 in
608 827 697 878 anno
717 800 919 875 Decretorio
941 819 1000 871 aut
1023 795 1091 867 ulla
1110 793 1176 869 srre
1193 819 1394 895 quacunque
1409 795 1482 895 ejus
1503 824 1598 899 parte
1613 808 1806 883 exercitium
1822 806 1889 888 suae

467 911 586 1006 igionis
609 901 666 978 seu
681 900 853 1000 publicum
867 894 922 971 seu
938 898 1106 995 privatum
1123 892 1319 978 habuerint,
1335 898 1391 968 vel
1406 899 1545 973 eandem
1559 905 1661 978 modo
1675 905 1748 1004 poll
1761 908 1891 987 dittum

466 1033 519 1084 um
541 1001 765 1081 mutaverint,
794 998 946 1095 adeoque
964 1017 1124 1107 tanquam
1148 989 1285 1091 prorsus
1308 990 1460 1090 specialis
1480 1024 1556 1072 nora
1570 1024 1640 1090 tam,
1655 1009 1722 1092 §vo
1744 1028 1888 1094 xxxa,

466 1131 497 1182 nr
511 1108 588 1194 §ris
608 1119 694 1175 xxx
705 1117 766 1170 tv,
783 1096 817 1168 dc
832 1115 989 1168 xxxvr.
1009 1092 1114 1186 ejusd.
1129 1093 1236 1163 Attio.
1252 1097 1297 1164 V.
1317 1116 1512 1190 opponatur
1525 1123 1563 1172 ac
1577 1099 1734 1196 deroget,
1755 1108 1815 1201 qui
1826 1111 1887 1180 Ca·
1956 1181 1959 1186 ,

466 1209 605 1278 lieorum
622 1195 771 1270 subditos
792 1199 832 1265 Α.
849 1195 887 1265 C.
906 1184 1265 1271 addistostsvtctffim,
1288 1194 1345 1287 qui
1362 1213 1449 1262 antro
1461 1197 1695 1274 Mucxxtv.
1713 1203 1887 1299 publicum

466 1307 567 1378 etiarn
585 1299 755 1391 privatum
776 1290 841 1364 suae
860 1291 1047 1383 Religionis
1063 1289 1259 1360 exercitium
1273 1288 1364 1360 nulla
1386 1293 1462 1362 anni
1479 1316 1574 1384 parre
1594 1293 1801 1384 habuerunt,
1826 1327 1889 1376 nee

474 1457 483 1486 ,
510 1401 570 1498 qui
589 1391 662 1494 poll
680 1414 797 1490 pacem
813 1388 1017 1489 publicatam
1033 1386 1190 1555 deinceps
1206 1379 1323 1457 futuro
1347 1409 1501 1486 tempore
1519 1390 1682 1468 diversam
1703 1401 1890 1474 aTerriro·

466 1501 606 1574 )omino
622 1492 832 1584 Religionem
850 1482 1117 1583 profitebuntur,
1192 1508 1246 1555 am
1274 1481 1456 1573 lellenrur,
1478 1492 1647 1587 patienter
1669 1493 1825 1581 tolerari,
1853 1497 1890 1576 dc

466 1601 504 1672 'ns
517 1594 700 1670 devotione
714 1583 892 1659 domestica
911 1582 1056 1679 relinqui
1069 1579 1202 1678 jubeam
1231 1509 1315 1653 alter
1338 1607 1419 1656 vero
1440 1589 1476 1672 §.
1494 1609 1650 1662 axxvr.
1674 1591 1795 1668 talibus
1817 1594 1890 1670 sub.

466 1723 477 1770 a
498 1693 554 1768 rel
575 1689 693 1789 sponte
709 1683 894 1777 emigrandi
908 1679 1116 1762 libertatem,
1141 1679 1194 1751 vel
1209 1682 1361 1752 Domino
1381 1682 1501 1757 iisdem
1515 1688 1770 1779 emigrationem
1784 1696 1890 1792 imper

466 1787 709 1872 obeuntem
724 1777 856 1870 aflerat,
882 1806 902 1855 a
918 1801 984 1881 qua
997 1801 1108 1858 tamea
1120 1770 1244 1854 subdiri
1260 1779 1376 1858 rcluiri
1395 1782 1562 1862 immunes
1576 1786 1786 1866 declarantur
1799 1789 1854 1888 a).

1775 2023 1812 2110 5.
1828 2020 1890 2099 XI.

466 2248 594 2337 bilant
611 2248 645 2316 io
666 2265 732 2313 rem
755 2244 910 2332 allegatur
931 2241 1009 2319 Jou.
1025 2241 1225 2313 Wrrrrrrnr.
1248 2239 1495 2309 Horrraaamus
1514 2237 1640 2314 Differt.
1662 2246 1703 2310 de
1718 2243 1793 2324 Jure
1813 2249 1893 2317 emt.

517 2335 678 2421 grantium
691 2343 820 2418 propter
838 2330 1057 2412 Religionem,
1083 2323 1227 2391 Francol.
1244 2326 1500 2393 MDCCXXXII.
1517 2333 1546 2407 ς.
1559 2325 1617 2395 ΙΧ.
1639 2351 1711 2415 pag.
1726 2352 1775 2416 14.
1793 2353 1842 2419 15.
1857 2335 1892 2400 ln

521 2418 631 2486 verbis
643 2435 653 2478 a

581 2535 690 2613 „Quae
705 2529 851 2614 quamvis
866 2528 910 2592 ita
929 2523 960 2590 sc
975 2524 1130 2599 habeant,
1152 2535 1192 2589 ut
1204 2521 1346 2590 Statlbos
1366 2519 1495 2608 Imperii
1506 2525 1746 2608 emigrationem
1761 2531 1891 2602 subditis

516 2616 725 2703 „injungendi
741 2613 881 2697 potestas
896 2611 1030 2672 omnino
1047 2618 1231 2691 competere
1244 2609 1409 2680 videntum
1431 2607 1499 2668 sunt
1515 2619 1620 2670 tamen
1634 2614 1796 2690 nonnulli,
1818 2621 1888 2761 qui,

517 2704 687 2788 „quamvis
700 2698 797 2760 Arno
810 2687 1021 2758 leCXXlV.
1033 2711 1091 2754 nec
1102 2690 1230 2774 publico
1244 2709 1303 2753 nec
1313 2691 1443 2773 privato
1452 2691 1612 2753 exercitio
1628 2691 1805 2775 Religionis
1835 2721 1890 2761 ue.

517 2789 604 2861 „rint
617 2779 734 2866 gavili,
755 2776 963 2844 nibilominus
983 2783 1088 2837 tamen
1106 2774 1202 2837 inviti
1219 2772 1295 2854 pelli
1310 2782 1480 2853 nequeunt.
1526 2771 1598 2835 Huc
1610 2791 1669 2838 eor
1688 2775 1811 2854 refero,
1834 2783 1889 2865 qut

518 2871 573 2946 „ln
587 2865 768 2935 territorio,
790 2860 878 2942 quod
895 2856 1003 2922 Status
1016 2857 1054 2918 ab
1072 2855 1291 2919 immemoriali
1308 2866 1454 2936 ternpore
1466 2853 1604 2917 invicem
1622 2854 1676 2923 fibi
1689 2861 1887 2944 oppignora-

518 2959 632 3028 „ruut,
654 2967 672 3010 a
689 2943 841 3008 debitoris
855 2939 1005 3004 reluentis
1019 2937 1187 3017 Religione
1199 2935 1343 3000 diffidere
1354 2932 1637 3016 deprehenduntnr.
1681 2937 1731 3005 De
1745 2943 1794 3008 hir
1817 2964 1890 3028 per-

518 3031 646 3118 „l'picue
671 3026 737 3092 Pax
760 3019 990 3105 Wel'tphalica:
1013 3020 1134 3083 incolae
1154 3031 1260 3082 tamen
1276 3018 1310 3080 dr
1333 3018 1445 3081 subditi
1466 3017 1695 3096 lllrorcana,
1719 3038 1774 3088 aut
1793 3024 1890 3104 suam,

519 3135 636 3198 „quam
651 3111 703 3174 sub
717 3108 821 3190 priore
831 3101 1001 3189 pollessore
1013 3101 1198 3184 hujusmodi
1210 3113 1362 3164 terrarum
1377 3102 1657 3182 oppignoratarum
1673 3109 1811 3188 amplexi
1821 3109 1893 3176 lue-
2003 3151 2008 3170 .

520 3209 628 3273 „rant,
654 3192 872 3271 Religionem,
895 3187 1035 3249 deserere
1056 3203 1121 3245 non
1145 3197 1311 3264 cogantur.
1357 3181 1464 3264 Atque
1485 3192 1520 3244 ut
1536 3181 1595 3246 lrac
1611 3188 1734 3251 ratione
1748 3194 1891 3258 melioria

520 3280 642 3359 „longe
655 3273 850 3339 conditionis
866 3265 927 3331 ess‘e
943 3269 1093 3331 videntur
1105 3266 1217 3328 subditi
1231 3267 1263 3328 in
1274 3264 1438 3329 territorio
1455 3267 1693 3346 oppignorato,
1712 3289 1805 3355 qnam
1839 3273 1897 3339 ni.'

521 3363 614 3438 „dem
629 3358 736 3421 caeteri
751 3357 782 3420 in
799 3353 868 3415 aliia
885 3352 998 3422 terris,
1021 3351 1074 3430 qui
1088 3347 1179 3411 nullo
1200 3347 1377 3430 Religionis
1393 3349 1550 3411 exercitio
1566 3348 1663 3412 Auno
1678 3351 1799 3420 Mocx
1835 3357 1891 3427 lV.

520 3440 644 3528 „gavisa
661 3436 856 3503 domicilium
871 3431 1011 3495 deserere
1023 3432 1098 3514 cogi
1112 3426 1258 3513 possunt3
1281 3433 1324 3494 ita
1341 3430 1403 3494 illis
1418 3430 1481 3492 hoc
1495 3434 1701 3496 commodum
1713 3457 1768 3519 per
1781 3439 1893 3506 Pacem

522 3527 617 3602 „idco
640 3515 818 3587 c'onceffum
838 3512 900 3579 elle
923 3516 1070 3586 videtur,
1090 3514 1164 3596 quia
1185 3513 1226 3574 de
1244 3512 1301 3576 reli
1324 3531 1369 3574 no
1389 3514 1481 3576 sortis
1505 3513 1603 3595 longe
1627 3516 1697 3579 l'uot
1712 3519 1891 3591 deterioria.
1938 3513 1943 3521 ’

520 3609 626 3685 „Aliis
637 3605 721 3669 enim
733 3601 941 3668 exercitium,
960 3598 1047 3677 quod
1060 3596 1156 3658 Anno
1173 3594 1295 3658 MDCX
1331 3595 1386 3661 lV.
1401 3595 1621 3668 obtinuerant,
1637 3599 1805 3668 interverti
1818 3606 1892 3669 nul·

522 3693 579 3767 „lo
592 3686 705 3753 colore
713 3680 835 3766 potest3
853 3681 890 3743 ln
905 3681 1121 3761 oppignorato
1131 3687 1236 3740 autem
1250 3679 1430 3748 territorio,
1448 3679 1594 3757 quamvis
1607 3684 1737 3747 eandem
1749 3703 1894 3754 normam

521 3771 675 3850 „urserint
689 3763 895 3846 Evangelici,
917 3782 958 3825 eo
976 3773 1080 3823 tamen
1104 3758 1262 3824 Catholici
1283 3779 1348 3824 rem
1362 3759 1597 3843 perduxerunt,
1620 3773 1656 3825 ut
1671 3767 1775 3845 quoad
1790 3773 1894 3852 publi.

523 3875 615 3932 „cum
635 3850 813 3932 Religionis
833 3846 1023 3908 exercitium
1044 3853 1210 3922 utramque
1237 3842 1383 3987 paginam
1409 3841 1504 3904 faciat
1531 3841 1699 3928 Principis,
1729 3869 1801 3914 cum
1827 3873 1893 3936 quo

522 3934 715 4018 „tranfigere
735 3931 884 4023 jubentur
903 3924 1031 4020 subditi,
1054 3924 1226 3988 arbitrium.
1289 3940 1319 3986 ta
1337 3924 1422 4020 Paret
1457 3924 1637 4008 Depalrlr'ro
1657 3947 1728 3992 vero
1740 3933 1810 4018 sua
1833 3938 1894 4002 3,.

523 4004 1895 4178 :litti‘utilititatem‘inlituittt'ttnlttlttlttlttu

523 4185 579 4262 „in
593 4179 774 4248 territorio,
799 4174 946 4256 quamvis
960 4171 1081 4233 nullum
1098 4169 1227 4234 subditis
1243 4191 1327 4233 anno
1340 4172 1520 4235 decretorio
1534 4170 1629 4236 fuerit
1642 4175 1816 4258 Religionis
1831 4203 1894 4248 ex·

522 4267 713 4345 ‚,ercitium,
738 4255 939 4342 permanendi
960 4254 1106 4327 libertas,
1129 4271 1201 4334 quae
1216 4264 1253 4316 ut
1273 4255 1390 4316 illibata
1408 4255 1664 4330 conservaretur,
1687 4259 1803 4324 l'umrna
1819 4284 1894 4346 pro-

524 4349 637 4426 „ietto
654 4342 818 4425 flagitabat
830 4339 972 4419 aeqnitae.
1000 4335 1077 4400 Nam
1092 4355 1162 4398 curn
1177 4335 1214 4398 ad
1228 4337 1416 4400 creditorem
1429 4334 1518 4400 timul
1531 4356 1602 4399 curn
1615 4339 1749 4421 pignore
1760 4347 1895 4414 transeat

524 4427 743 4508 ,„territoriale
759 4421 793 4486 dr
809 4441 851 4484 ex
875 4439 916 4482 eo
937 4414 1038 4479 fluens
1054 4415 1244 4481 reformandi
1258 4416 1327 4499 jus,
1349 4421 1457 4482 durius
1478 4420 1622 4499 equidem
1639 4421 1742 4487 suiliet
1760 4427 1895 4498 reluenti

524 4512 687 4591 „debitori
704 4518 818 4588 praeter
840 4502 916 4565 illud
933 4501 1090 4580 publicum
1111 4498 1309 4564 Exercitium
1323 4502 1547 4564 determinandi
1561 4499 1594 4562 or
1612 4503 1797 4568 arctioribus
1812 4510 1896 4577 limi.

524 4597 634 4673 „tibae
647 4586 827 4656 includendi
843 4585 1022 4653 arbitrium,
1045 4583 1167 4675 plenam
1182 4602 1310 4664 quoque
1324 4583 1469 4666 ejiciendi
1485 4582 1623 4645 subditos
1641 4588 1814 4653 concedere
1835 4614 1895 4678 po.

524 4677 705 4758 „testatem
748 4667 969 4752 Hocprimum
982 4664 1026 4733 et't
1040 4663 1183 4736 cellantie
1196 4668 1415 4752 emigrationis
1428 4661 1606 4733 neceffariae
1619 4670 1814 4754 exemplum.
