4950 5567
576 568 653 705 tta
864 615 1270 766 assecuratio
1320 616 1487 722 Jurrs
1536 616 1772 700 tusurcr

619 801 658 839 '⁸
679 798 899 871 Paneuei..
914 820 941 867 c.
954 820 986 889 p.
1000 815 1073 887 257.

757 919 913 986 Srrtuv.
934 918 971 987 L.
992 941 1020 989 c.
1035 940 1066 1007 p.
1086 939 1139 1005 43.
1217 999 1220 1010 Ι

623 1036 689 1087 W
708 1037 877 1107 Parrus
894 1038 932 1105 L.
949 1060 977 1105 c.
991 1058 1022 1122 p.
1037 1055 1109 1124 273.

659 1179 662 1188 ·
752 1156 911 1224 Sursum
930 1157 967 1222 L.
980 1179 1007 1223 c.
1022 1176 1055 1242 p.
1070 1172 1141 1242 105.

599 1263 705 1374 Ψ*
724 1274 905 1348 Passus
923 1276 961 1346 L.
976 1297 1004 1344 e.
1022 1294 1054 1363 p.
1068 1273 1141 1359 264·

1249 1394 1288 1483 a·
1337 1414 1398 1485 20·

695 1537 841 1622 Enatutn
863 1533 910 1610 est
932 1541 975 1611 Α.
997 1540 1103 1619 1618.
1128 1530 1260 1607 Bellum
1282 1524 1482 1610 tricennale,
1506 1523 1566 1601 ubi
1587 1527 1722 1603 notorie
1741 1522 1879 1603 Eleilor
1901 1529 2064 1608 Palatinae
2091 1497 2095 1504 Ι

523 1716 525 1719 ,
581 1655 648 1733 pro
666 1636 843 1731 Tempore
869 1637 1223 1710 Fnsnsarcusv.
1249 1626 1292 1702 lic
1317 1626 1426 1703 diibus
1454 1631 1524 1702 Rex
1551 1626 1764 1725 Hyemalis*
1789 1626 1830 1702 ab
1855 1633 2066 1729 Imperatore

569 1734 906 1821 ,tausiniano
922 1736 967 1805 ll.
994 1731 1179 1804 declaratus
1196 1732 1230 1799 in
1247 1732 1417 1813 Bannum,
1442 1751 1504 1824 per
1523 1729 1648 1824 Copias
1670 1724 1889 1802 Caesareas-ac
1909 1731 2067 1827 Hispani-

464 1905 472 1915 ,
584 1851 640 1902 aas
661 1828 817 1903 omnibus
843 1828 907 1902 suis
930 1854 1046 1902 erutus
1071 1824 1136 1901 fuit
1152 1830 1273 1899 Terris
1289 1825 1464 1909 Palatinis,
1491 1825 1627 1898 Eledlor
1643 1828 1866 1919 Moguntinus
1885 1852 1951 1925 pro
1966 1834 2070 1901 Tem·

496 1976 501 1987 ,
584 1931 894 2026 poreJoautrass
912 1932 1186 2000 Surcnrtous
1207 1925 1322 1998 volens
1340 1924 1573 2017 redintegrare
1591 1923 1806 1997 dilaceratum
1823 1925 2072 2020 alongoTeto·

586 2049 674 2120 pore
688 2024 837 2099 Ecclefiae
853 2028 1063 2119 Moguntinae
1079 2026 1322 2097 Patrimonium
1337 2021 1522 2119 Temporis
1546 2019 1622 2095 usus
1643 2029 1909 2122 opportunitate
1925 2029 2072 2099 Stratum

586 2128 785 2197 Montanam
813 2113 854 2194 ali
878 2120 1146 2197 Anteceiloribus
1182 2127 1464 2204 meruero,
1503 2127 1742 2194 Anoseno
1775 2145 1813 2193 ac
1845 2128 2072 2199 Asucnro

586 2224 740 2312 Pignoris
754 2226 839 2319 Jure
857 2220 1066 2304 obmittam,
1091 2218 1150 2292 sibi
1166 2245 1247 2293 vero
1262 2222 1389 2294 nonita
1406 2217 1539 2315 pridem
1561 2219 1602 2291 ab
1620 2224 1829 2319 Imperatore
1844 2222 1970 2318 previa
1987 2226 2075 2296 Cau·

587 2317 630 2396 ste
646 2323 847 2412 Cognitione
869 2347 905 2394 ac
923 2319 1103 2395 observatis
1125 2316 1367 2393 observandis*
1389 2319 1542 2410 Pignoris
1559 2321 1673 2391 Onere
1693 2316 1868 2390 liberatam
1887 2344 1925 2391 ae
1943 2319 2078 2417 adjudi-

587 2441 694 2490 catam
716 2418 926 2492 Auiioritate
951 2416 1099 2502 Caesarea
1120 2416 1295 2514 Hispanici
1312 2416 1436 2488 Militia
1453 2420 1531 2514 Ope
1547 2415 1822 2513 recuperavit,⁸‘
1849 2442 1887 2491 aa
1911 2442 1982 2490 non
2008 2416 2078 2494 line

587 2539 708 2609 magna
732 2517 896 2590 Eleiloris
921 2518 1059 2590 Palatini
1082 2514 1303 2615 Opposrtione
1326 2540 1402 2589 cum
1428 2512 1504 2587 sede
1526 2517 1731 2611 Moguntina
1754 2517 1887 2601 univit,
1924 2540 2077 2619 moxque

587 2616 793 2689 Exercirium
809 2617 993 2712 Religionis
1010 2617 1190 2691 Catholicae
1206 2612 1408 2687 instauravit.
1419 2614 1477 2655 ”⁸

632 2747 649 2781 ,
1167 2746 1174 2762 .
1212 2747 1220 2763 .
1378 2746 1386 2763 .
1498 2746 1505 2761 .
1564 2747 1571 2763 .
1856 2749 1866 2766 .

579 2789 581 2796 '
670 2746 694 2814 s
696 2744 1717 2911 'sitsiinsultetis*tt‘liltlll'til.illlis
1721 2747 2078 2917 ‘villissltll‘glli

704 2909 836 2972 Caesarei
856 2913 952 2991 paulo
966 2910 1035 2991 post
1050 2909 1105 2971 has
1119 2908 1234 2990 Terras
1255 2923 1452 2997 occuparunt
1474 2932 1546 2973 cum
1573 2912 1695 2994 reliquo
1722 2912 1916 2990 palatinatu,
1939 2914 2076 2982 ElePtor

704 2992 916 3072 Moguntinus
928 2995 965 3057 ab
975 2990 1170 3073 Imperatore
1183 3004 1331 3076 tanquam
1344 2997 1512 3058 detentore
1524 2993 1670 3075 Pignoris
1687 2992 1945 3061 Extraditiooem
1965 3002 2077 3083 periit,

704 3072 899 3139 satisfactum
916 3076 1009 3140 etiam
1027 3074 1200 3156 aequissimo
1216 3076 1278 3140 suit
1292 3075 1396 3141 Petito
1414 3099 1452 3141 rc
1470 3074 1552 3141 satta
1567 3074 1734 3143 sufficienti
1751 3079 1858 3143 Causae
1873 3078 2076 3162 cognitione

706 3158 749 3219 ob
767 3156 909 3221 exhibita
927 3156 1088 3223 clarissima
1103 3160 1303 3224 Documenta
1317 3178 1372 3243 pet
1383 3160 1566 3225 sententiam
1582 3158 1665 3226 tacta
1676 3160 1721 3224 est
1732 3161 1955 3246 Adjudicatio,
1978 3184 2079 3247 quarn

640 3283 655 3296 .-
706 3238 811 3302 secuta
833 3240 894 3304 luit
910 3240 1113 3305 Austoritate
1131 3240 1270 3304 Caesarea
1290 3241 1457 3316 Immiffio,
1484 3243 1524 3304 de
1548 3257 1667 3306 raetero
1690 3243 1831 3308 Patribus
1850 3245 2022 3329 Capuciuis
2041 3249 2079 3313 id

706 3324 815 3384 datum
829 3321 981 3405 NegotIi,
1003 3334 1041 3385 ut
1054 3323 1180 3387 Incolae
1195 3325 1233 3387 ad
1252 3322 1593 3388 Romano-catholica
1609 3325 1800 3389 adducerent
1814 3327 1926 3403 Sacra,
1950 3333 2008 3413 qui
2025 3340 2081 3395 et·

706 3406 768 3471 iam
791 3407 866 3484 lieet
889 3405 1030 3487 plurimis
1051 3406 1223 3469 exantlatis
1238 3404 1413 3472 LaborIbus
1428 3419 1493 3469 tam
1514 3405 1667 3489 insignem
1687 3409 1898 3491 praestiterunt
1914 3413 2079 3496 Operam,

706 3497 744 3552 ut
761 3487 929 3553 successive
947 3489 1071 3569 integer
1094 3488 1149 3551 ille
1168 3486 1303 3556 Troilus
1324 3488 1466 3552 nonnisi
1484 3488 1672 3572 paucissimis
1703 3495 1848 3575 exceptis
1871 3495 1905 3556 iu
1921 3493 2077 3560 Ecclel'tae

608 3614 612 3620 -
686 3570 859 3638 'Romanae
871 3569 1062 3653 Obsequium
1080 3571 1248 3652 redierint⁸¹
1272 3571 1365 3636 Coos.
1374 3569 1667 3656 scriptoretldetum
1677 3573 1959 3660 Illoguntinenstatm
1978 3576 2020 3644 T.
2032 3576 2077 3647 11.

704 3673 737 3738 p.
754 3667 825 3738 805.
838 3654 871 3718 dt
886 3654 1089 3717 Hanoorr
1103 3654 1244 3717 Annales
1259 3654 1428 3717 Provincia
1446 3654 1597 3719 Rhenanoe
1613 3655 1647 3718 Ρ.
1664 3656 1697 3720 Ρ.
1714 3657 1822 3740 Caput.
1842 3658 1919 3722 licet
1932 3657 1967 3724 ar
1980 3659 2080 3725 Fran·

705 3738 818 3802 ciscani
834 3738 954 3801 Partem
978 3736 1163 3800 Illeritorum
1185 3750 1316 3801 eatenus
1333 3737 1388 3802 srbi
1412 3737 1522 3807 Velint
1540 3738 1718 3813 vindicare,
1740 3749 1837 3825 prout
1850 3751 1940 3825 patet
1953 3763 2000 3809 ex
2018 3763 2080 3811 eo·

704 3838 773 3886 rum
786 3824 906 3904 scriptis
922 3817 1079 3903 praeditus
1094 3819 1269 3886 Annalibus
1282 3819 1447 3906 oppofitis.

585 3989 591 4000 .
631 3948 662 3988 aa
683 3943 776 4008 Coos.
799 3941 1001 4004 Cartarrn
1016 3939 1050 4000 itt
1072 3937 1240 4006 Germania
1252 3938 1348 4023 satra
1365 3940 1546 4021 perturbato
1564 3959 1594 4023 p.
1614 3959 1684 4024 177.
1726 3899 2080 4009 HrnwrcuinAn·

706 4024 902 4108 tiqaitotibut
920 4016 1246 4105 Lourisheimenfisrus,
1270 4041 1301 4104 p.
1321 4040 1393 4086 201.
1410 4020 1445 4084 ἂ
1464 4023 1504 4086 de
1527 4022 1656 4109 Dr'ffidio
1669 4022 1731 4088 uc.
1750 4022 1901 4087 sectione
1922 4045 1954 4109 3.
1965 4026 2000 4109 S.
2012 4045 2045 4110 9.

542 4169 552 4180 ·
634 4144 686 4208 ,Μ
707 4143 785 4224 Legi
809 4140 912 4223 potest
926 4139 1144 4204 Contradittio
1165 4137 1322 4206 Eletioris
1340 4139 1473 4209 Palatini
1495 4142 1529 4208 in
1550 4141 1806 4210 Louoortru
1834 4142 1927 4210 Artas
1946 4144 2079 4230 publicis

705 4224 747 4295 T.
764 4244 793 4291 2.
810 4228 846 4295 l..
859 4226 894 4291 6.·
911 4221 946 4291 C.
966 4234 1038 4306 248.
1051 4243 1082 4308 p.
1096 4234 1168 4308 814.
1183 4221 1244 4307 seq.
1826 4251 1832 4282 t

1270 4408 1304 4495 §⁰
1355 4427 1413 4495 31·
1497 4459 1508 4488 t

707 4538 847 4611 Nobilis
863 4537 1126 4609 haecTerrirorii
1142 4541 1337 4632 Moguntini
1355 4543 1469 4615 Portio
1485 4542 1577 4614 varia
1591 4537 1691 4614 subiit
1702 4538 1895 4617 continuato
1907 4541 2003 4617 Bello
2017 4544 2078 4617 tri·

594 4637 829 4756 mundilam,
853 4661 914 4713 nec
929 4640 1061 4730 exiguas
1073 4634 1297 4756 calamitates,
1311 4638 1498 4739 presertim
1515 4637 1674 4717 sabana
1685 4658 1810 4717 sarto
1829 4645 1987 4817 eutrop
1991 4661 2078 4814 1129

1989 4765 2025 4813 rc
2051 4765 2078 4813 ιι
