4950 5567
577 495 649 632 ue
665 551 822 656 trono
837 547 1037 630 eornm
1054 549 1110 628 iu
1125 550 1315 650 causis,
1338 553 1397 632 m
1416 554 1599 657 oureus
1615 556 1811 644 status
1827 567 1893 648 ac.
1919 581 1990 682 γε,

466 775 469 816 7
534 759 665 818 rorum,
691 735 753 805 lini
764 735 807 804 tri
818 735 968 826 Principes
983 740 1028 810 A.
1047 741 1101 816 6.,
1128 738 1185 830 qui
1201 733 1305 806 dislas
1321 731 1651 835 prascllurasptnea
1665 747 1849 840 equitatum
1865 751 1991 832 emble.

492 757 606 914 =gant,
640 835 745 903 amice
768 834 855 900 inter
879 828 911 901 se
935 835 1159 903 convenirent.
1210 833 1316 902 Nulla
1341 845 1424 924 ergo
1450 837 1537 905 inter
1558 839 1670 923 hunc,
1704 867 1804 938 quem
1822 850 1991 930 Catholici

502 921 588 1004 tunc
602 953 755 1009 tenuere,
784 925 920 998 &inter
935 929 1051 1010 illum,
1076 953 1176 1023 quem
1189 938 1229 1000 A.
1248 934 1286 1002 C.
1305 934 1413 1001 Status
1432 954 1546 1003 tenere
1561 935 1694 1017 voluat,
1727 943 1864 1014 modum
1881 931 1993 1025 simili.

499 1029 601 1104 tudo.
651 1031 685 1098 Si
700 1048 823 1104 totam,
848 1049 921 1119 quae
936 1028 968 1097 in
986 1051 1023 1101 ta
1048 1027 1142 1096 eausa
1157 1025 1190 1098 se
1212 1033 1359 1109 exeruit,
1386 1054 1501 1100 rerum
1519 1027 1636 1102 seriem
1662 1057 1818 1131 tanquam
1834 1067 1990 1124 normam

501 1123 756 1200 traslaodorum
774 1121 806 1192 dt
822 1119 1086 1192 deliniendorum
1105 1126 1335 1216 negotiorum,
1362 1129 1483 1196 iutuitu
1497 1151 1641 1221 quorum
1657 1133 1690 1201 in
1706 1134 1818 1228 aliquo
1834 1143 1988 1221 Statuum

485 1219 595 1298 'crete
611 1219 783 1316 disparitas
800 1241 955 1289 votorum
972 1225 1129 1309 emergit,
1155 1217 1376 1291 assumendam
1393 1224 1505 1295 credat
1522 1234 1738 1320 Attonymus,
1763 1235 1879 1329 utique
1897 1240 1989 1316 dell.

501 1321 564 1394 lud
580 1319 746 1398 medium,
769 1317 859 1411 quod
875 1314 953 1388 telle
971 1317 1088 1387 eodem
1105 1319 1311 1411 protocollu,
1337 1320 1377 1389 ad
1395 1317 1616 1391 definiendam
1628 1323 1717 1396 illem
1731 1319 1994 1413 controversiam

500 1415 665 1490 adbibere
687 1415 800 1486 multis
822 1415 926 1484 vilum
954 1410 1038 1500 fuit,
1066 1437 1189 1510 nempe
1205 1438 1240 1485 ut
1263 1413 1417 1487 Caesarea
1440 1415 1605 1510 Majellati
1625 1420 1743 1493 decisio
1757 1429 1984 1520 adiugentur,
2045 1465 2053 1476 ·

501 1514 641 1609 adoptet
655 1533 813 1608 oportct3
839 1513 873 1580 in
889 1535 957 1605 quo
972 1507 1060 1581 forte
1075 1516 1183 1584 Status
1198 1512 1389 1586 Catholicos
1405 1515 1493 1584 haud
1513 1515 1657 1588 multum
1671 1517 1870 1596 teluslantes
1885 1554 1987 1627 expe.

500 1615 622 1686 rietur.
671 1613 821 1680 Tantum
843 1632 977 1702 quoque
999 1606 1103 1688 abeli,
1126 1632 1163 1679 ut
1186 1609 1352 1692 alterum,
1383 1610 1473 1704 quod
1492 1618 1690 1706 Anonymua
1714 1619 1756 1690 de
1776 1619 1914 1697 dill'ensu
1938 1629 1986 1704 ob
2016 1639 2019 1644 '

500 1708 719 1784 abolitionem
732 1702 882 1776 claulitlae
899 1708 986 1798 pacis
997 1702 1217 1799 Ryswicensrs
1229 1705 1445 1778 declarationi
1459 1705 1584 1780 bellicae
1598 1708 1805 1787 inserendam
1821 1723 1907 1794 inter
1922 1725 1987 1800 Ca·

499 1808 645 1880 tholicoa
660 1812 702 1878 A.
720 1806 1009 1875 Muccxxxlv.
1033 1823 1108 1872 otto
1124 1797 1276 1896 profert,
1300 1804 1488 1900 exemplum
1511 1803 1583 1900 ejus
1601 1810 1752 1903 opinioni
1774 1811 1987 1910 suffragetur,

498 1927 540 1978 ut
557 1913 630 1976 mea
646 1903 697 1974 rel
715 1905 856 1972 maxime
872 1896 1029 1969 lementia
1044 1896 1168 1989 infignc
1184 1901 1261 1971 inde
1276 1904 1384 1994 capiat
1402 1898 1661 1977 firmamentum.
1712 1910 1840 1983 Cedere
1855 1921 1985 2017 quippe

500 2025 576 2075 tum
598 1997 712 2070 debuit
733 2021 809 2094 pars
829 2000 942 2066 minor
972 1997 1223 2068 catholicorum
1247 2022 1265 2068 a
1287 1996 1414 2082 majore
1434 1999 1568 2069 illorum
1593 2025 1689 2093 parte
1711 2005 1983 2105 discrepantium,

502 2123 571 2176 raon
586 2096 675 2194 quod
691 2095 798 2188 major
813 2117 929 2165 eorum
970 2118 1022 2161 ars
1038 2097 1202 2164 minorem
1218 2095 1525 2176 velutabsorherct,
1552 2093 1605 2166 sed
1622 2099 1845 2195 quodmojora
1862 2113 1986 2186 Carbo·
2009 2147 2012 2152 ·

500 2193 645 2280 litorum
659 2189 832 2286 conjunsla
847 2214 921 2263 cum
937 2117 1103 2281 diffingas
1119 2197 1160 2260 A.
1178 2194 1217 2260 C.
1236 2195 1387 2261 Statuam
1401 2189 1606 2264 confecerint
1622 2198 1747 2290 majora
1761 2201 1914 2297 respeslu
1932 2234 1982 2283 to.

483 2294 569 2366 tius
584 2291 716 2380 collegit
740 2287 887 2360 abl'ulute
910 2287 999 2360 talia.
1046 2299 1257 2377 Argumento
1273 2311 1309 2358 ut
1333 2293 1383 2358 via
1399 2285 1453 2358 sua
1469 2288 1647 2374 cooslaret,
1675 2293 1783 2367 casum
1805 2325 1982 2396 oporteret

502 2386 568 2464 elle
583 2386 760 2461 intersum.
810 2387 941 2459 Scilicet
963 2383 984 2454 st
1002 2387 1112 2455 minor
1132 2409 1208 2479 pars
1232 2385 1483 2456 Catltolicorum
1507 2383 1656 2477 ejusdem
1676 2415 1751 2461 eum
1771 2402 1811 2464 Α.
1832 2404 1870 2470 C.
1884 2406 1984 2476 Stati·

499 2484 564 2558 bus
578 2481 685 2556 fuisset
699 2482 880 2566 sententie,
908 2482 1137 2553 &Catholicis
1153 2481 1240 2552 nuda
1263 2480 1311 2553 sui
1328 2505 1431 2553 cretus
1454 2480 1688 2575 suffragiorum
1710 2489 1900 2583 pluralitate
1914 2496 1983 2572 suf·

500 2579 611 2677 fragia
626 2585 764 2652 minoris
778 2580 913 2653 suorum
932 2577 1096 2650 sociorum
1118 2582 1221 2674 partis
1240 2579 1337 2650 irrita
1356 2577 1496 2650 reddere
1516 2582 1771 2664 contendissent.
1797 2592 1895 2663 talem
1914 2601 1984 2669 uti·

500 2705 568 2778 que
586 2679 836 2750 Catltolicorum
858 2676 1022 2748 astionem
1048 2678 1218 2769 Anonymi
1240 2677 1416 2747 intentioni
1434 2673 1585 2770 praefidio
1604 2674 1744 2751 fortassis
1759 2680 1873 2774 fuisse,
1901 2689 1983 2769 ficut

500 2803 570 2850 oon
587 2773 748 2856 diffiteor,
772 2782 815 2847 ita
829 2776 950 2870 dispari
965 2777 1103 2843 omnino
1123 2771 1279 2846 existente
1298 2771 1388 2857 casu,
1412 2795 1495 2846 meae
1512 2775 1591 2849 inde
1610 2774 1776 2852 sententie
1791 2783 1896 2860 robur
1911 2816 1979 2865 aton

499 2879 657 2970 exiguum
673 2876 846 2959 accedere,
872 2895 971 2947 nemo
985 2896 1050 2942 ⁰⁰¹¹
1066 2870 1226 2943 advertet.

1107 3065 1143 3150 S.
1191 3064 1396 3141 xxxltl.

622 3210 734 3299 Atque
750 3225 787 3273 ex
803 3200 854 3271 his
877 3195 1030 3269 omnibus
1047 3221 1138 3294 aequa
1160 3198 1252 3271 lance
1268 3196 1414 3294 expensis
1435 3200 1593 3292 colligere
1613 3227 1756 3299 pronum
1770 3203 1835 3292 cll,
1861 3211 1981 3286 immo.

496 3304 648 3378 deratam
665 3302 764 3372 talem
787 3298 886 3367 eundi
910 3301 942 3365 in
965 3321 1075 3391 partes
1099 3299 1279 3376 tationem,
1307 3297 1397 3368 ficati
1420 3323 1457 3370 ea
1477 3295 1594 3370 formae
1614 3304 1746 3396 imperii
1774 3303 1924 3404 {lp-loque
1942 3311 1978 3384 de
2122 3355 2125 3363 ,

494 3402 611 3476 ordini
629 3397 786 3470 comitiali
804 3394 1015 3488 summopere
1038 3391 1244 3474 adversatur,
1270 3395 1314 3463 ita
1339 3395 1391 3473 dt,
1419 3397 1497 3466 dum
1515 3400 1626 3467 omnia
1640 3404 1749 3469 nimie
1767 3401 1912 3474 libertati
1927 3432 1979 3476 ar·

495 3521 613 3591 rogat,
638 3483 753 3568 uiltati
771 3495 904 3585 imperii
921 3515 1077 3584 tanquam
1094 3495 1263 3584 praecipuo
1275 3492 1463 3585 reipublice
1486 3491 1595 3565 fulcro
1611 3521 1732 3590 ptaetcr
1747 3493 1795 3566 fas
1813 3501 1845 3570 dt
1860 3503 1894 3569 in
1910 3527 1979 3574 me.

492 3599 623 3669 nimum
645 3590 836 3688 reipublice
860 3588 1018 3657 damnum
1042 3611 1142 3682 atque
1165 3589 1329 3658 excidium
1350 3590 1523 3683 derogare.
1579 3596 1717 3663 Utinam
1749 3599 1891 3690 proinde
1910 3624 1977 3694 pto

495 3717 577 3766 vera
595 3693 710 3788 patriae
733 3685 890 3760 felicitare
912 3709 987 3755 cum
1008 3681 1242 3776 Attgullilllmo
1258 3688 1376 3781 Capite
1397 3695 1493 3759 unius
1508 3697 1660 3786 corporis
1685 3693 1852 3773 membra,
1877 3701 1976 3769 unius

497 3789 692 3885 reipublice
709 3787 796 3857 cirea
819 3781 941 3853 atilius
966 3786 1131 3852 uniantur.
1188 3783 1327 3851 Utinam
1351 3785 1416 3856 alta
1436 3807 1586 3857 teneatur
1611 3811 1720 3859 mente
1740 3788 1919 3886 repositum
1941 3794 1979 3864 il-

498 3887 580 3969 lud,
605 3885 696 3978 quod
713 3877 1160 3980 apudStlulliumJugurtlta
1176 3878 1282 3972 ajebat
1297 3879 1337 3948 ed
1351 3878 1455 3952 filioa:
1484 3889 1647 3954 Concordia
1663 3913 1707 3955 res
1721 3907 1978 3980 perterrefaciat,

497 3986 644 4073 discordia
659 4005 791 4050 maxime
809 3980 993 4048 dilabuntur.
1018 3976 1220 4047 Immortalis
1237 3977 1460 4050 humanorum
1478 3980 1629 4051 cordium
1644 4007 1893 4081 corporumque
1908 3991 1976 4058 Do.

498 4084 609 4155 minus
626 4079 746 4167 dirigat
761 4073 860 4146 corda
878 4097 976 4166 atque
999 4077 1125 4144 animos
1143 4097 1276 4166 patrum
1299 4079 1432 4170 patr'iae,
1459 4078 1644 4172 iisdemque
1662 4105 1737 4150 eum
1754 4079 1891 4176 inspiret
1906 4086 1979 4155 uni·

498 4180 574 4252 tatis
591 4174 762 4272 spiritum,
786 4195 822 4243 ut
838 4194 987 4240 revocata
1004 4177 1090 4241 inter
1107 4171 1181 4240 illos
1200 4194 1355 4262 germana
1373 4173 1550 4248 concordia
1570 4179 1604 4246 in
1620 4199 1737 4252 eorum
1755 4177 1895 4252 confiliia
1911 4205 1978 4253 non

501 4276 602 4360 aliua,
628 4296 728 4370 quam
743 4294 818 4345 vera
833 4268 948 4366 patrie
962 4265 1064 4351 lalus,
1092 4266 1254 4339 habeatur

1057 4421 1425 4510 FlNlS.
