4950 5567
614 605 686 678 na
756 521 766 584 ⁵
1063 573 1640 662 urssun‘rnnro
1781 595 1786 602 ·

613 777 708 854 aulus
726 765 932 860 interimistiu
943 763 1126 859 suspensione
1140 760 1311 855 quiescere
1325 713 1444 851 coepit,
1462 778 1588 828 mutata
1603 750 1699 826 subin
1714 749 1924 840 voluntate,
1951 750 1983 828 dt
2004 749 2077 829 deti·

616 894 694 948 aute
707 868 837 944 ovicula
852 863 893 936 ad
908 885 1046 957 gregem
1061 860 1201 941 reduce,
1224 855 1439 927 mortiterum
1455 853 1684 950 evigilaturus.

1067 1081 1695 1234 coruunt„

621 1283 738 1404 Qid
754 1237 968 1371 Nobilitati
995 1278 1249 1366 immediatae
1280 1273 1433 1386 purilio
1457 1275 1555 1384 juris
1579 1276 1685 1360 circa
1709 1273 1820 1359 sacta
1847 1298 1928 1382 per
1942 1272 1975 1360 l.
1990 1274 2031 1362 P.
2042 1275 2083 1382 0,

795 1410 970 1490 indultum
981 1453 996 1498 ,
1022 1421 1097 1486 turo
1112 1407 1330 1507 generatim,
1354 1417 1430 1479 tutu
1445 1405 1628 1502 precipue
1641 1406 1679 1482 in
1693 1401 1760 1477 luis
1775 1399 1942 1480 esuriat

1301 1638 1337 1728 a.
1384 1630 1415 1706 1.

446 1832 619 1904 sarnetu-
634 1735 802 1910 Guam
818 1827 929 1908 fuerat
943 1833 976 1904 in
990 1830 1090 1902 Votis
1104 1827 1275 1907 omnium,
1301 1831 1411 1898 Pacem
1422 1805 1763 1920 Relig.lucidilltmam
1776 1823 1812 1901 dr
1825 1821 2034 1903 constmnn
2045 1823 2086 1904 tlt
2112 1823 2116 1863 ¹

445 1923 481 1982 ὓ
494 1914 568 2060 b¹¹st
585 1911 619 2015 ΙΙ·
639 1933 833 2027 cynosuram,
856 1931 995 2024 utjuxtn
1009 1928 1100 1998 illam
1116 1922 1239 1996 Cursus
1253 1927 1412 2020 Imperii,
1439 1921 1622 2020 prasertim
1638 1933 1745 2019 pande
1764 1929 1957 2020 Religionis,
1980 1923 2086 2022 pacifer
2112 1918 2116 1962 Ι

381 2099 391 2128 Ι
447 1997 485 2142 ἓ
519 1996 620 2145 ·ΙεΙΙῐΙΙΙῤ“
639 2034 856 2123 dirigeretur,
883 2052 950 2098 tam
973 2051 1011 2096 ex
1027 2019 1163 2094 adverso
1179 2017 1243 2092 fuit
1265 2024 1299 2090 in
1315 2018 1409 2104 fatis,
1435 2020 1590 2106 eandem,
1617 2020 1696 2092 dum
1715 2020 1791 2094 orbi
1813 2043 1939 2095 recens
1954 2024 2086 2108 illuxerat,
2111 2033 2116 2059 ¹

449 2101 615 2227 W.pcom-⁰
640 2134 740 2201 uariis
757 2126 890 2220 jamjam
906 2119 1047 2193 nubibus
1064 2117 1206 2199 involvi,
1223 2120 1329 2190 varias
1345 2121 1398 2191 uix
1412 2143 1477 2189 non
1490 2123 1592 2190 Lunae
1608 2116 1749 2191 adinstar
1756 2117 1884 2216 pheses
1901 2117 2024 2194 subire.
2039 2123 2085 2190 Ur·
2112 2111 2116 2183 Ι

448 2241 563 2328 postu,
643 2225 778 2296 dedum
801 2242 923 2317 praeter
941 2219 1067 2289 nativas
1088 2215 1271 2312 quasdam,
1293 2216 1489 2288 adventitiae
1512 2215 1621 2287 adbuc
1637 2239 1657 2286 a
1676 2222 1824 2313 partium
1840 2214 1966 2288 studiis
1985 2215 2086 2289 umbro
2111 2195 2116 2256 Ι

377 2328 385 2344 ’
536 2309 542 2325 ’
641 2324 826 2412 reciperet,
850 2341 917 2388 uon
933 2315 1043 2409 potuit
1054 2339 1121 2386 non
1136 2311 1207 2406 ejus
1227 2309 1433 2384 observantie
1451 2313 1675 2404 languescere.
1688 2317 1726 2406 a)
1752 2312 1811 2385 nst
1827 2313 2087 2408 quemadmetlm

641 2414 835 2490 adsalutem
856 2410 1025 2508 publicam
1044 2412 1186 2481 maxime
1201 2406 1353 2481 iuterelle
1372 2407 1493 2492 uisum,
1518 2408 1695 2481 sacerrima
1712 2412 1784 2505 ejus
1810 2411 1944 2482 Placita
1963 2408 2088 2482 firmiter
2111 2400 2117 2488 ,Ι

641 2508 827 2588 inconculla
850 2507 1019 2606 perstare,
1051 2510 1096 2577 ita
1115 2530 1191 2577 mox
1212 2503 1364 2577 Recellus
1390 2508 1530 2603 Imperii
1551 2503 1751 2602 posteriores
1774 2507 1924 2578 eandem
1948 2504 2087 2580 confirm
2111 2500 2117 2582 Ι

643 2633 734 2686 runt.
750 2612 785 2693 b)
811 2613 937 2701 Neque
956 2602 998 2675 fic
1016 2627 1125 2675 tamen
1142 2601 1317 2699 tempellas
1331 2606 1440 2673 omnis
1454 2608 1565 2699 pacari
1580 2605 1708 2698 potuit,
1732 2607 1814 2700 quin
1835 2603 1913 2675 aliae
1931 2629 1973 2678 ex
1988 2605 2088 2677 aliiate
2112 2595 2117 2664 l

642 2730 703 2781 trae
718 2703 822 2778 nubes
837 2705 913 2775 hine
926 2701 1002 2773 inde
1016 2701 1201 2796 Imperium
1209 2697 1432 2780 obducerent,
1457 2724 1548 2794 quac,
1573 2699 1694 2796 quibus
1708 2700 1856 2798 grauidae
1868 2723 1987 2786 erant,
2009 2723 2088 2775 cru*

643 2808 687 2878 tis
701 2801 863 2875 imbribus
875 2822 1010 2871 omnem
1025 2796 1090 2867 late
1106 2794 1308 2868 inundarunt
1325 2797 1528 2866 Germanum
1543 2795 1603 2886 (ne
1618 2795 1692 2893 ipsa
1706 2801 1795 2868 Petri
1810 2799 1971 2871 navicula
1985 2793 2091 2871 alludi·

642 2901 706 2973 bus
721 2897 826 2969 libera
846 2897 1079 2991 permanente)
1094 2915 1270 2988 totumque
1285 2895 1472 2988 Imperium
1492 2916 1621 2964 tantum
1640 2920 1706 2964 non
1723 2892 1840 2965 laec'ulo
1856 2897 1997 2987 integro
2011 2888 2091 2966 ditili·

644 3022 701 3071 me
722 2992 928 3073 afflixerunt,
950 2989 1136 3073 laudarunt,
1159 2989 1359 3063 lacerarunt.
1407 2993 1521 3062 Saucia
1537 2990 1627 3063 hisce
1647 2994 1821 3075 aerumnis,
1849 3017 1888 3062 ac
1905 2992 1998 3066 bello
2014 2993 2093 3091 preti·

644 3117 714 3185 pue
730 3090 901 3163 tricennali
920 3088 1104 3159 exulcerata
1117 3084 1398 3184 prorsuol'ntria,
1425 3085 1587 3183 respirare
1602 3089 1753 3157 nonnihil
1767 3091 1872 3183 cupit
1895 3087 1957 3161 sub
1978 3092 2094 3163 Traditi

645 3193 700 3261 las
713 3190 779 3258 illis
791 3188 1033 3283 preliminnrilas
1052 3183 1245 3274 Hnmburgi
1261 3209 1345 3254 anno
1373 3191 1493 3270 noun,
1515 3180 1724 3269 velutijatlis
1742 3186 1950 3281 quibusdam
1973 3186 2094 3261 scmtuu'l

647 3288 824 3358 Oliuarum
840 3284 990 3362 illarum,
1009 3304 1082 3376 quae
1097 3278 1249 3362 biennio,
1275 3284 1361 3350 intra
1377 3282 1468 3374 quod
1486 3279 1573 3351 nasci
1591 3281 1789 3364 debuerant,
1812 3285 1847 3353 in
1865 3286 2096 3377 quadrienniun

647 3404 855 3461 excurrente,
868 3383 900 3466 c)
928 3378 1062 3450 demum
1070 3401 1242 3473 prognatae
1256 3376 1340 3459 sunt,
1354 3382 1579 3449 maturitatem
1594 3403 1675 3451 vero
1691 3381 1776 3451 suam
1791 3379 1923 3454 nonnisi
1935 3379 2096 3480 elapsoait

647 3483 793 3552 triennio
809 3478 952 3572 adeptae,
968 3474 1048 3545 dum
1066 3479 1261 3567 Congreffilus
1279 3472 1446 3570 paciferis,
1459 3500 1543 3571 quos
1554 3474 1646 3545 fimul
1658 3476 1691 3547 dr
1703 3479 1896 3569 Monasterii
1907 3480 1943 3552 dr
1953 3481 2099 3575 opidana

653 3575 922 3671 inWellphalia,
947 3570 1097 3667 partibus
1118 3574 1255 3666 quidem
1276 3578 1487 3662 (erratione
1507 3574 1669 3665 Politice)
1693 3572 1820 3656 diuisis,
1844 3581 2060 3651 concentrien
2073 3595 2100 3644 ta

653 3698 729 3743 men
750 3675 876 3768 Spiritu
899 3694 935 3740 ac
957 3668 1092 3749 Studio,
1114 3666 1342 3750 celebrabant,
1371 3666 1446 3740 finis
1470 3670 1665 3767 impositus,
1698 3680 1766 3742 Pax
1790 3674 1969 3758 conclusa,
1996 3671 2118 3749 &calb

650 3769 835 3841 berritnum
860 3767 942 3836 illud
966 3766 1218 3845 lustramentum,
1243 3789 1280 3836 ut
1299 3788 1432 3846 vocant,
1458 3770 2118 3862 alonasterio-Osiralrngense164gnan'

652 3868 760 3942 ditum
788 3860 870 3942 fuit,
896 3887 937 3931 co
963 3860 1098 3956 quidem
1114 3861 1246 3955 (quoad
1268 3886 1382 3933 retum
1408 3888 1444 3933 ac
1468 3888 1658 3960 temporum
1674 3869 1770 3937 Rntin
1786 3863 1940 3962 sinebat)
1961 3897 2027 3967 pro
2050 3864 2102 3939 du

654 3960 738 4043 fine,
763 3985 818 4041 ut,
844 3960 934 4055 quod
953 3959 1021 4052 jam
1039 3981 1111 4027 erat
1128 3955 1291 4040 saucium,
1317 3983 1472 4054 tanquam
1490 3967 1632 4034 Panum
1647 3962 1687 4060 d)
1710 3963 1923 4047 conluunt-et,
1951 3897 2104 4065 quotlcot·

656 4055 826 4172 stallum,
849 4080 910 4169 ceu
934 4054 1073 4125 salutare
1091 4057 1271 4125 Vinculum
1293 4056 1461 4146 alligaret,
1488 4059 1521 4129 dt
1543 4060 1635 4156 quod
1654 4057 1842 4144 infirmum,
1869 4085 2036 4165 tauquam
2049 4071 2107 4140 litt·

655 4158 870 4248 mapudtcendr
885 4151 926 4223 de
940 4149 971 4221 se
983 4171 1125 4246 perpetue
1141 4157 1169 4238 e)
1196 4151 1317 4222 amodo
1333 4177 1370 4222 ac
1389 4152 1545 4251 deinceps
1562 4155 1793 4230 consolidaret.

698 4323 738 4399 a)
755 4319 802 4385 Ut
817 4318 962 4380 dolenter
976 4315 1104 4378 effertur
1118 4318 1199 4399 apud
1216 4316 1362 4383 LEHlll.
1378 4321 1411 4381 in
1426 4318 1562 4384 Proemt'o
1574 4325 1616 4387 ad
1628 4323 1711 4389 Atta
1725 4324 1756 4390 Ρ.
1772 4322 1812 4391 R.

698 4436 738 4519 Ι)
757 4430 1529 4604 ¹3.{tltsolidita?telate?
1550 4442 1576 4526 Ι·
1595 4441 1665 4525 ⁶⁹·’
1686 4444 1721 4513 ΙΙ
1736 4442 1773 4512 ΙΙ·
1792 4443 1820 4520 Ι·
1837 4442 2029 4530 ¹¹⁰⁸¹¹¹¹¹¹⁰
2043 4446 2110 4532 ¹⁵¹¹

1976 4651 2008 4736 e)
2028 4643 2115 4732 sicul·
