4950 5567
575 586 812 669 oomooo
831 591 1308 696 noouonucnusm,
1335 581 1587 702 mqumu's
1604 599 1800 690 aratus
1819 611 1885 694 cc.
1917 644 1988 729 74,

516 766 807 959 Iflxsotcslpntiumaf
833 770 867 846 dc
889 770 990 869 ipsus
1008 777 1109 850 etiam
1131 777 1223 873 pacis
1241 768 1472 878 Wellphalicae
1493 753 1710 879 profliganda
1731 787 1904 873 orbittium
1926 799 1988 879 sle.

511 890 538 939 tt
566 888 598 941 et
620 894 670 941 a.
1738 923 1745 931 ·

1130 1008 1166 1092 §.
1217 1002 1342 1078 Vlll.

526 1173 537 1187 ·
610 1138 687 1207 Hac
708 1159 788 1208 vero
806 1134 998 1231 exceptione
1013 1134 1171 1229 ajutibua
1189 1136 1353 1230 majorum
1371 1162 1433 1234 per
1449 1163 1562 1235 pocem
1571 1142 1827 1242 Weslphalicam
1842 1154 1982 1238 stabilita

511 1230 594 1303 dum
609 1230 827 1324 Protestontea
846 1238 894 1305 uti
911 1229 1111 1312 desiderant,
1138 1256 1299 1327 practerea
1317 1239 1445 1329 requiri
1459 1238 1559 1322 nihil,
1584 1267 1685 1335 quam
1703 1272 1739 1319 ut
1754 1247 1843 1323 suam
1859 1258 1983 1334 Gotho·
2045 1263 2048 1270 '

509 1327 584 1399 licia
611 1352 777 1424 exponant
796 1327 1015 1406 sententiam,
1047 1324 1120 1398 fieri
1145 1329 1180 1398 id
1203 1353 1266 1424 per
1286 1353 1400 1400 votum
1421 1332 1673 1410 Proteslantium
1694 1368 1889 1442 commune,
1916 1358 2005 1433 tale'

509 1449 593 1496 vero
608 1424 747 1520 alicujus
760 1429 912 1520 corporis
929 1422 988 1492 sub
1009 1445 1101 1493 certo
1121 1422 1273 1520 respesiu
1295 1424 1434 1521 separati
1456 1453 1571 1502 votum
1592 1458 1769 1513 commune
1788 1443 1852 1519 esse
1872 1453 1881 1518 i
1910 1451 1982 1529 sum

509 1520 601 1592 illius
616 1523 769 1616 corporis
783 1518 993 1604 conclusum,
1018 1543 1086 1614 quo
1105 1516 1171 1591 smc
1190 1520 1340 1614 ejusdem
1362 1520 1520 1600 sententio
1544 1526 1688 1617 proferri
1707 1535 1795 1609 haud
1816 1568 1862 1637 po
1887 1573 1913 1620 tt
1933 1557 1981 1644 a).

506 1620 712 1690 Patrocinari
728 1641 833 1713 porro
847 1618 1037 1690 continuam
1050 1616 1194 1687 duorum
1208 1616 1402 1708 saeculorum
1418 1619 1656 1697 observantiam
1671 1629 1982 1734 legibusmunitam,

505 1734 564 1797 ut,
588 1714 871 1811 quemadmodum
886 1709 1076 1787 universum
1094 1715 1284 1785 Germaniae
1299 1737 1422 1811 corpus
1437 1714 1637 1792 solemnibus
1656 1723 1691 1795 in
1711 1734 1853 1807 comitiis
1875 1740 1980 1821 latum

505 1815 628 1979 ‘ml‘
645 1808 829 1977 ,ppulo
845 1806 1035 1975 ‘mliii
1050 1805 1229 1977 {llll
1241 1808 1724 1983 llsll‘llll‘lllffl
1740 1847 1883 1995 ‘mim‘
1902 1864 1979 1912 ‘⁰¹‘

500 1930 647 2076 stiiiruiii
656 1931 1140 2103 ssliitiiioiixiiiltinilinteni
1149 2002 1339 2075 adornaret.
1388 2009 1501 2099 Atque
1511 2006 1588 2079 huic
1601 1934 1978 2128 opsepppppiaeeprppqpae

496 2097 566 2171 leri
579 2098 677 2173 ffiam
689 2100 732 2172 de
751 2098 909 2173 conclusis
924 2097 1055 2194 politici
1070 2097 1208 2191 alicujus
1225 2100 1379 2194 eorporis
1390 2096 1567 2194 secundum
1575 2105 1700 2199 majora
1716 2115 1906 2195 edomantis
1919 2153 1977 2203 rea

493 2191 634 2290 gulam
659 2194 776 2291 quodsi
797 2221 878 2269 veto
891 2199 966 2292 quis
986 2194 1027 2264 ad
1050 2195 1116 2266 tale
1130 2194 1267 2289 aliquod
1288 2192 1478 2265 conclusum
1501 2201 1587 2291 exigi
1604 2209 1779 2282 contendat
1796 2223 1976 2312 unanimie,

493 2315 579 2367 eum
595 2290 629 2365 le
641 2287 784 2363 sundere
799 2295 834 2363 in
856 2291 1067 2389 exceptione,
1092 2314 1166 2385 quae
1181 2287 1363 2385 probanda.
1413 2297 1525 2385 Atque
1538 2294 1602 2367 stoc
1618 2297 1745 2394 ipsum,
1766 2313 1856 2404 quod
1872 2323 1975 2396 ratio·
2033 2321 2057 2404 ’ξ

489 2411 541 2463 oe
555 2385 698 2462 universi
713 2390 904 2461 Germaniae
918 2391 1070 2484 corporis
1086 2388 1189 2470 valet,
1213 2410 1275 2458 cur
1289 2410 1356 2457 ⁰0¹¹
1379 2384 1413 2457 ἃ
1433 2388 1556 2460 intuitu
1577 2401 1730 2489 corporis
1751 2405 1897 2487 incerto
1918 2440 1971 2496 re·

490 2482 615 2584 spello
630 2484 774 2584 separati
786 2484 952 2580 abriperet,
970 2483 1095 2556 nullam
1109 2479 1248 2582 prorsus
1264 2505 1429 2581 apparere
1443 2488 1606 2563 rationem
1622 2493 1666 2584 b).

1158 2698 1194 2783 ρ.
1244 2688 1318 2765 tx.

614 2822 734 2901 Infert.
782 2829 876 2899 Dum
890 2848 973 2919 ergo
987 2824 1153 2898 Catholici
1169 2824 1390 2910 contendunt,
1413 2825 1506 2923 quod
1520 2824 1620 2902 statue
1634 2831 1678 2903 A.
1694 2834 1734 2907 C.
1749 2835 1872 2916 rddidi
1887 2871 1969 2925 non·

491 2920 559 2997 mili
572 2948 636 3022 pet
649 2923 841 2996 unanimem
857 2920 906 2995 sui
919 2920 1162 2995 consensionem
1178 2922 1279 3014 legali
1295 2926 1328 2993 io
1342 2946 1453 3018 partes
1470 2925 1588 3008 eundi,
1608 2947 1708 3023 atque
1719 2934 1847 3028 majora
1863 2950 1966 3021 totiue

489 3045 679 3096 conventus
701 3019 880 3093 comitialis
903 3017 1031 3091 stllendi
1049 3015 1205 3091 facultate
1218 3042 1280 3114 per
1295 3043 1412 3116 pacem
1427 3018 1624 3104 concessam,
1649 3026 1699 3095 uti
1712 3051 1854 3126 queant,
1879 3041 1966 3117 hooc

488 3142 512 3190 a
535 3117 654 3210 regula
673 3120 902 3213 exceptionem
923 3114 965 3185 ab
989 3115 1054 3186 illis
1075 3115 1207 3205 exlege
1229 3111 1376 3207 expressa
1395 3114 1628 3189 ostendendam
1642 3143 1678 3191 ac
1693 3122 1876 3205 docendam
1889 3136 1964 3222 else,

489 3213 597 3286 talem
612 3237 693 3287 vero
706 3213 814 3304 legem
826 3238 894 3284 non
909 3233 1020 3283 extare
1036 3214 1086 3304 a).
1129 3216 1255 3308 Neque
1270 3234 1332 3306 per
1346 3209 1414 3306 ipsa
1429 3217 1519 3308 pacis
1531 3212 1632 3285 verba
1644 3216 1680 3286 id
1692 3219 1880 3314 indigitari,
1905 3258 1963 3307 ne.

490 3334 563 3405 que
577 3333 616 3381 ex
631 3333 748 3381 natura
761 3310 812 3379 rei
826 3305 978 3403 exposci,
1004 3329 1041 3378 ur
1054 3310 1116 3380 itio
1130 3308 1163 3379 io
1178 3330 1289 3403 portes
1304 3305 1431 3379 nonnisi
1444 3333 1507 3404 per
1521 3312 1689 3384 unanimia
1701 3311 1740 3386 fit
1753 3319 1963 3406 instituenda.
2054 3338 2056 3343 ’

488 3410 592 3479 Nom
612 3405 690 3477 lieet
711 3400 853 3477 fortassis
869 3404 927 3476 illa
946 3405 1038 3500 pacis
1057 3403 1222 3475 formula:
1249 3408 1460 3481 catholicis&
1474 3413 1518 3477 A.
1536 3415 1571 3478 G.
1578 3406 1711 3499 statibus
1727 3416 1758 3483 in
1772 3420 1848 3490 durs
1859 3445 1964 3515 parrer

487 3504 632 3577 mribus
646 3506 708 3578 &o
724 3525 764 3574 ex
778 3522 895 3572 nature
908 3504 958 3573 rei
974 3499 1008 3570 id
1021 3502 1191 3573 continere
1204 3496 1403 3592 quibusdam
1418 3501 1587 3585 videatur,
1611 3525 1650 3575 ut
1663 3529 1779 3585 omocr
1794 3518 1961 3596 Catholici

485 3598 579 3680 slent
598 3623 638 3673 ex
661 3622 744 3681 una,
767 3619 868 3693 atque
888 3621 1005 3668 omnes
1028 3600 1071 3667 Α.
1086 3600 1127 3667 C.
1142 3592 1266 3667 addisli
1287 3594 1388 3668 slatus
1402 3595 1486 3670 slent
1500 3623 1540 3671 ex
1559 3598 1661 3673 altera
1676 3626 1792 3699 parte:
1817 3612 1896 3688 huic
1909 3639 1961 3691 ta·

486 3688 1570 3887 3⁶32l223552‘12‘2‘233‘xlllllsz‘l‘lllll‘llln‘ll
1579 3694 1669 3863 ’uss
1678 3702 1963 3884 llllllll‘l‘l

483 3888 573 3981 legii
586 3911 779 3999 reputetur,
799 3912 837 3959 ac
850 3885 873 3958 fi
887 3912 951 3985 per
963 3889 1131 3958 unanimio
1145 3881 1254 3957 fixisset
1271 3881 1408 3960 sosium.
1458 3891 1500 3958 Et
1520 3885 1544 3958 st
1564 3815 1682 3963 summi
1703 3900 1792 3989 pacis
1812 3905 1963 3982 condito·

483 3986 555 4061 rer
567 3984 608 4056 ad
628 3982 747 4079 Juslam
763 3985 799 4055 in
810 4006 923 4082 partes
937 3985 1076 4063 itionem
1092 3984 1261 4060 uoaoimia
1272 3985 1403 4080 exigere
1418 3980 1610 4072 voluissent,
1633 3986 1668 4060 id
1681 3988 1791 4087 ipsum
1803 3995 1961 4079 leviffino

1854 4120 1960 4194 opere
