4950 5567
557 592 629 671 DE
651 590 780 691 JURE
800 590 870 668 ET
889 590 1040 671 PRAXl
1067 591 1218 672 etRcA
1241 593 1406 676 SACRA
1424 597 1482 678 ΙΝ
1502 597 1702 683 CASTRO
1722 601 1788 684 dte.
1823 609 1908 707 ’ὄις

1072 777 1109 863 §.
1155 772 1272 848 XVl.

547 905 726 979 Coronidis
743 905 817 978 loeo
832 906 866 977 in
885 929 1010 990 aerum,
1035 905 1124 978 unde
1138 906 1313 999 egredior,
1338 907 1436 982 liceat
1451 908 1672 1009 retrospicere
1687 909 1847 1001 breviter,
1862 919 1907 989 in·
1934 930 2087 1004 Reflexto

476 1024 541 1097 que
560 1005 735 1086 nonnulla,
762 1028 837 1100 que
856 1002 897 1074 ad
919 1002 1169 1077 dilucidandtun
1195 1005 1268 1100 ejur
1294 1008 1422 1100 systema
1444 1003 1589 1094 faciunt,
1619 1011 1785 1107 porismata
1808 1014 1906 1090 dedu·
1923 1016 1963 1081 in
1979 1019 2042 1083 ca·

476 1122 517 1171 t·
546 1197 576 1266 1.
597 1190 769 1270 Nobilitas
788 1199 929 1293 Imperii
946 1195 1139 1269 immediato
1162 1194 1324 1270 beneficio
1351 1203 1439 1270 Pacis
1461 1205 1563 1294 Relig.
1581 1207 1825 1287 Avrtnemiartt,
1853 1098 2039 1282 stupam

476 1313 616 1364 erratem
630 1291 837 1384 Religionis,
860 1294 893 1366 dr
908 1296 1138 1406 promanantia
1153 1294 1230 1366 inde
1245 1295 1397 1391 quaedam
1411 1297 1611 1382 commodo,
1632 1294 1783 1374 favorem
1798 1323 1911 1376 tamen

476 1414 501 1460 n
518 1385 663 1460 statibus
678 1389 859 1487 equalem,
883 1416 940 1463 aut
958 1416 1014 1486 Jus
1034 1386 1243 1464 reformandi
1264 1390 1445 1466 seeundum
1468 1418 1623 1484 omnem,
1649 1395 1764 1495 quase
1787 1393 1912 1474 diffun-

484 1535 495 1570 ,
522 1483 732 1558 latitudinem
747 1487 885 1585 indepta
908 1514 975 1561 non
989 1484 1048 1561 est.

542 1620 603 1716 11„
620 1618 712 1688 Hine
728 1616 866 1690 Nobilis
883 1616 1187 1703 immediatut,ubi
1199 1617 1256 1693 ubi
1269 1625 1460 1694 Terrarum
1476 1622 1511 1693 in
1524 1624 1676 1720 Imperio
1688 1625 1841 1697 Romano
1855 1649 1911 1698 ex·

476 1738 542 1798 tos,
566 1737 633 1786 non
649 1711 756 1786 solum
773 1718 805 1786 in
822 1716 1009 1814 adoptando
1022 1717 1197 1808 Religione
1212 1719 1371 1791 alterutra
1393 1717 1584 1800 liberetur,
1612 1744 1649 1791 ae
1666 1721 1908 1817 independens,

476 1835 543 1884 ἰιιιι
558 1814 658 1885 etiam
675 1814 710 1882 in
726 1810 842 1886 Castro
859 1838 916 1885 aur
928 1814 1058 1911 praedio
1071 1811 1129 1886 suo
1144 1821 1336 1898 immediato,
1360 1815 1439 1886 lieet
1459 1818 1546 1886 intra
1567 1818 1752 1889 Terminus
1768 1817 1909 1892 dirersae
2045 1845 2056 1856 ··

476 1909 610 2002 ligionis
631 1911 783 1990 Strtuum
809 1916 1010 2006 Geograplrice
1034 1908 1113 1994 lito,
1143 1911 1287 1985 liberunt
1313 1909 1455 1985 habebat
1479 1910 1543 1984 sue
1564 1913 1749 2008 Religionis
1775 1918 1910 1989 Exerci-

476 2032 507 2079 m
528 2056 539 2090 ,
559 2004 686 2078 nonnisi
704 2031 813 2079 tamen
827 2019 928 2103 prole,
954 2015 988 2085 i?
999 2010 1138 2102 ftmrlra.

541 2142 604 2212 111.
626 2143 681 2210 Αιι
699 2161 813 2236 autem
836 2165 875 2213 ea
894 2142 1016 2213 libertas
1038 2141 1221 2232 Religionis
1242 2164 1314 2212 tum
1335 2140 1514 2233 eligendae,
1538 2163 1609 2212 tum
1628 2140 1836 2224 exerrendae,
1862 2141 1905 2214 ad
2041 2149 2051 2204 ἶ

476 2234 598 2308 militm
619 2232 784 2309 Nobilem
803 2244 990 2330 privative,
1016 2262 1057 2308 an
1079 2242 1180 2310 etiarn
1203 2239 1244 2308 ad
1267 2235 1470 2310 famulitium
1491 2238 1641 2329 ejusdem
1661 2238 1741 2309 luris
1766 2238 1798 2310 d
1823 2236 1903 2322 foci,

476 2359 490 2406 e
505 2332 710 2416 extenderit,
736 2357 774 2405 er
788 2334 898 2408 littera
912 2341 1003 2408 Pacis
1019 2359 1084 2406 non
1101 2336 1222 2428 liquet,
1249 2334 1283 2404 id
1303 2337 1416 2431 potius
1431 2361 1469 2405 er
1486 2331 1638 2406 deduflis
1654 2332 1752 2430 supra
1768 2332 1903 2407 famuli·

484 2426 533 2503 est
548 2429 797 2523 denegandum,
820 2455 896 2503 eum
913 2455 974 2528 per
989 2436 1025 2504 P.
1045 2434 1086 2506 R
1106 2430 1293 2504 Nobilibut
1314 2435 1350 2504 iu
1363 2435 1502 2504 materia
1514 2431 1627 2524 Relig.
1647 2454 1774 2504 tantum
1789 2431 1903 2529 quood

476 2549 510 2600 ιιι
522 2526 677 2623 persenam
691 2524 730 2599 lit
746 2525 975 2626 prospestum.

535 2663 597 2733 lv.
622 2658 664 2730 ld
686 2660 777 2755 quod
798 2659 906 2731 multo
926 2659 1037 2730 minue
1058 2656 1100 2729 ad
1120 2682 1313 2742 extraneos,
1336 2659 1414 2733 lieet
1439 2655 1607 2742 subditos,
1632 2656 1679 2732 eil
1703 2660 1899 2755 pertrahen-

476 2781 519 2841 n,
546 2755 600 2829 sed
615 2761 650 2829 in
665 2756 729 2828 hot
746 2754 873 2856 pundlo
887 2757 1073 2848 Religionis
1086 2754 1172 2829 salva
1186 2755 1360 2830 monebant
1376 2760 1453 2853 jura
1477 2761 1649 2839 Statuum,
1675 2779 1731 2827 aut
1744 2754 1908 2840 Ecctefin

477 2858 779 3027 gdgffldmm'
812 2876 870 2928 aut
887 2855 1102 2949 previfinrtlia
1129 2851 1409 2951 protestantium,
1441 2850 1499 2926 ubi
1522 2855 1638 2950 priora
1665 2853 1894 2949 quadantenus
1972 2901 1981 2966 .'

532 3089 578 3155 V.
604 3087 695 3156 Dum
717 3081 847 3174 Vigore
869 3082 937 3174 §vi:
960 3077 1097 3166 §bautii
1117 3074 1197 3170 oud)
1218 3098 1263 3160 tr.
1285 3084 1322 3153 P.
1337 3084 1397 3163 R.,
1420 3077 1611 3176 jurisdiblin
1627 3075 1846 3154 Eeelefiailiea
1863 3080 1898 3153 in

482 3185 523 3256 C.
544 3177 654 3253 Stotut
676 3179 735 3252 suo
757 3179 859 3254 modo
877 3181 1013 3277 [alpense
1033 3178 1173 3261 dieitur,
1196 3178 1231 3251 id
1247 3176 1354 3276 ipsum
1368 3205 1407 3252 ex
1421 3178 1671 3275 Attalegiejuria
1687 3177 1730 3250 de
1744 3175 1897 3251 Personie

479 3277 601 3352 bilibus
615 3277 881 3372 intelligendum.

530 3413 593 3482 Vl.
616 3411 656 3481 ln
672 3413 778 3481 bertier
795 3430 905 3478 tamen
921 3407 1060 3479 Stltlitts
1074 3402 1248 3477 Palloralis
1265 3401 1446 3479 Praesulum
1462 3403 1651 3478 sollicitudo
1665 3404 1804 3498 vigilare
1819 3427 1896 3501 per·

476 3507 517 3590 it,
542 3506 698 3603 pedoque
712 3501 939 3601 compulsorio
954 3505 1022 3583 uti,
1045 3528 1121 3574 eum
1134 3506 1223 3573 enim
1241 3504 1369 3573 nullum
1384 3504 1438 3597 jus
1450 3526 1578 3575 eertum
1596 3502 1629 3574 dt
1645 3502 1811 3598 liquidum
1821 3523 1894 3574 tutn

476 3608 580 3701 rporis
596 3627 721 3676 erraret
735 3602 860 3683 adhue,
885 3599 975 3695 quod
991 3597 1069 3671 illoe
1083 3624 1103 3671 e
1117 3597 1245 3697 sphaera
1262 3597 1489 3672 Eccleliuslirae
1504 3597 1675 3696 potestatis
1692 3598 1893 3681 extraheret,

479 3725 531 3775 tra
544 3701 599 3797 jue
612 3700 751 3773 dubium
765 3704 800 3773 in
816 3695 874 3771 suo
890 3693 1082 3770 Pollelsorio
1096 3693 1186 3769 teile
1201 3694 1377 3793 perstitere
1398 3697 1550 3770 locorum
1567 3696 1751 3767 Ordinarii.

530 3851 612 3922 Vll.
638 3848 735 3919 Circa
755 3852 861 3919 statas
875 3866 956 3915 vero
972 3845 1139 3938 Catbriires
1152 3838 1233 3912 sicut
1248 3841 1281 3910 in
1298 3839 1494 3931 Nemrtlreſsa
1508 3840 1657 3934 Religiose
1674 3841 1889 3932 imunitatutn

476 3943 577 4028 nihil,
601 3944 685 4015 niltil
699 3941 880 4014 relaxatum
897 3945 1013 4036 (prout
1031 3963 1091 4009 nec
1106 3938 1264 4018 relaxari,
1286 3958 1343 4006 aut
1366 3937 1536 4006 immutari
1558 3936 1741 4033 quidquam
1756 3941 1888 4035 potuit)

478 4041 718 4114 multominus
742 4042 828 4110 eirca
852 4042 1020 4108 Catholicis
1042 4039 1186 4117 Nobilem
1217 4033 1305 4105 unde
1328 4032 1609 4126 quemadmodum
1624 4037 1700 4115 itli,
1726 4031 1768 4106 lie
1795 4032 1828 4106 dt
1850 4033 1888 4108 bi

476 4163 511 4212 ts
532 4138 641 4211 Ovilia
655 4161 735 4209 oves
757 4136 865 4207 eidetn
883 4136 1019 4229 antiquo
1042 4131 1166 4225 Rallori
1183 4126 1259 4211 suo,
1285 4153 1385 4225 quem
1398 4129 1495 4223 ptsrtit
1515 4136 1646 4223 Spiritus
1665 4140 1698 4205 S.
1717 4157 1750 4200 re
1770 4156 1819 4201 ere
1832 4137 1887 4201 Et·

476 4261 527 4308 aret
548 4244 645 4317 DEI,
670 4254 836 4331 perpetuo
856 4229 1053 4305 obedientiae
1075 4254 1111 4301 ac
1133 4223 1355 4322 Subjellionis
1378 4228 1570 4322 spiritualia
1585 4253 1670 4301 nexu
1691 4155 1837 4300 addrieii
1851 4225 1887 4298 in

476 4331 566 4406 tibus
581 4329 803 4430 permansere.
930 4381 933 4388 -

524 4467 624 4537 VIII.
648 4467 790 4557 Exceptio
813 4457 859 4533 ell
882 4462 915 4531 in
940 4458 1036 4551 cestr,
1059 4455 1189 4552 quoad
1213 4453 1319 4525 aliena
1343 4449 1433 4526 saera
1453 4455 1601 4528 animum
1623 4454 1795 4625 appellere
1813 4453 1886 4553 pla·

1670 4577 1744 4627 acer
1759 4553 1816 4624 ille
1830 4550 1884 4622 ba·

476 4564 530 4649 tir,
557 4583 629 4635 tutu
645 4562 830 4666 enimvero
846 4558 1028 4633 trutinante
1038 4556 1088 4628 ob
1107 4554 1226 4632 durem
1240 4547 1461 4658 nereditatem
1480 4551 1631 4638 Poilore,
1804 4646 1840 4720 ul

542 4689 551 4700 ·
1138 4696 1142 4703 ·
1784 4672 1803 4722 e
1840 4669 1880 4722 ιιι
