4950 5567
490 669 572 756 444
622 641 918 734 thntcnsn
938 631 1230 722 PACTORUM
1240 633 1436 718 Httnns.
1452 634 1514 717 IN
1532 625 1681 715 CONF.
1704 631 1878 715 COMM.

492 855 564 931 pot
578 853 733 924 tanquam
743 821 1157 900 DominosTettitoriales
1169 820 1318 895 obmnta.
1363 815 1460 894 Nam
1475 813 1712 889 attendendum
1727 816 1900 912 precipue
1912 811 1961 898 est,

501 934 578 1026 quis
593 930 765 1023 acquirere
785 949 848 1021 per
860 921 996 996 Paslum
1009 921 1164 992 voluerit.
1213 919 1401 1015 Aequirere
1417 939 1527 987 autem
1545 934 1636 984 certe
1650 913 1833 984 voluerunt
1851 909 1962 986 subdiri

502 1027 538 1096 in
555 1023 661 1096 Passis
687 1026 851 1095 minorem
871 1015 1042 1091 Diaecesnn
1067 1013 1339 1113 respicientibus,
1362 1012 1395 1086 dt
1421 1013 1496 1110 plus
1519 1035 1584 1080 non
1607 1007 1848 1104 acquisierunt,
1873 1031 1977 1102 quarn,

501 1119 651 1196 slabilem
667 1122 701 1192 in
717 1120 886 1192 territorio
899 1115 1062 1211 Principis
1075 1113 1340 1210 permanentiam
1355 1134 1374 1181 a
1388 1133 1481 1183 metu
1496 1109 1724 1199 emigrationis
1736 1104 1855 1188 liberi,
1874 1105 1961 1179 dere·

499 1220 649 1292 tentione
663 1217 828 1385 bsonorum
848 1212 1102 1312 temporalium,
1119 1211 1256 1310 Jurium
1281 1232 1319 1280 ae
1339 1206 1598 1304 privilegiorum
1621 1202 1695 1277 aliis
1720 1197 1862 1276 subditis
1884 1217 1959 1284 contr

497 1338 651 1390 munium
685 1337 789 1386 ecurt.

616 1429 730 1496 Tanto
750 1421 874 1498 fortius
886 1443 1119 1520 argumentum
1133 1419 1199 1492 hoc
1213 1413 1362 1510 stringit,
1386 1412 1444 1487 ista
1459 1409 1611 1509 specialis
1623 1415 1707 1510 Jurt
1723 1433 1762 1483 ex
1777 1413 1957 1506 legatum

499 1523 594 1593 muni
609 1525 700 1594 Pacis
716 1523 823 1616 Relig.
840 1548 905 1596 non
930 1513 1153 1617 comperiisse,
1183 1519 1263 1612 quia
1287 1510 1427 1683 ipsemet
1452 1516 1495 1584 D.
1510 1513 1811 1582 Srttunssrttus
1836 1505 1958 1594 fatetur,

351 1671 358 1678 -
500 1615 685 1714 Episcopos
701 1618 922 1693 Hildefienses
938 1642 1009 1690 tum
1029 1616 1102 1688 aliis
1116 1614 1304 1712 potentiori
1327 1636 1365 1681 us
1379 1611 1496 1682 vicinis
1513 1605 1658 1677 Sentibus
1673 1611 1716 1678 A.
1732 1609 1772 1679 C.
1789 1605 1959 1678 circumda·

501 1735 554 1787 tos
568 1712 751 1789 neceffinte
764 1715 952 1885 compulsos
965 1711 1078 1797 suisse,
1102 1712 1143 1783 sd
1157 1711 1222 1824 hoc
1238 1711 1338 1782 etiarn
1358 1704 1464 1874 passis
1484 1701 1742 1870 indulgeptdum.
1783 1707 1879 1774 Nem
1898 1702 1959 1776 illo·

500 1834 582 1984 ἲέῗὲ
597 1836 822 1984 5ῗεῖῗὲἑέ
842 1801 1611 1993 sistitis:fitilllslsss“ss;‡5?¹:1llll
1630 1821 1744 1992 {ilii}
1791 1803 1959 2009 32¹:le

501 1999 598 2080 fuisse
613 2009 723 2078 Duces
737 2002 1006 2084 Brunsuirenses,
1032 2001 1191 2072 &adhuc
1215 2000 1404 2072 detentores
1423 2017 1589 2068 terrarum
1613 2015 1683 2064 tum
1708 2017 1746 2065 ee
1771 2016 1886 2076 arunt,
1912 2017 1960 2090 qut

501 2121 684 2267 propterea
696 2107 819 2213 Legem
832 2102 942 2172 dicere
953 2120 1120 2196 poterant.
1156 2099 1353 2212 'Duriorern
1364 2117 1475 2167 tamen
1491 2093 1603 2206 dicere
1617 2113 1684 2162 non
1698 2087 1882 2208 audebunt,
1902 2091 1960 2161 into

529 2219 588 2265 nnc
607 2193 711 2291 ipsam
730 2195 922 2292 interpofita
940 2196 1023 2268 adeo
1046 2192 1183 2269 Cesarts
1206 2191 1408 2266 medianone
1430 2185 1642 2266 obtinendam
1663 2185 1851 2276 duxerunt,
1872 2207 1909 2258 ut
1926 2183 1961 2260 ad

350 2335 356 2344 -
502 2311 636 2387 tempus
648 2315 778 2364 tantum
791 2293 974 2394 tespesiive
988 2312 1073 2368 Lxx.
1088 2290 1142 2368 vel
1156 2311 1215 2364 xl..
1235 2313 1400 2364 annorum
1413 2288 1605 2360 exercitium
1620 2283 1877 2366 concederetur,
1900 2279 1963 2380 post

502 2387 595 2488 quod
610 2388 756 2484 elapsum
771 2392 842 2484 ejus
857 2388 1081 2473 relictionem,
1107 2389 1178 2463 imo
1192 2387 1377 2479 emigrandi
1392 2379 1608 2459 neceffitatem
1626 2383 1660 2452 in
1675 2382 1743 2452 vim
1761 2381 1854 2452 Pacis
1868 2381 1962 2471 Relig.

396 2547 399 2552 .
501 2481 681 2558 necessario
696 2485 928 2585 acceptandam
942 2485 1000 2562 fibi
1016 2483 1078 2562 esse
1091 2506 1268 2583 putarunt,
1294 2507 1394 2579 quam
1408 2479 1481 2555 sane
1495 2503 1569 2572 acre
1596 2482 1696 2550 taturi
1707 2501 1879 2574 nunquam
1892 2473 1962 2552 fuis·

502 2575 575 2656 sent
596 2584 630 2651 in
651 2583 692 2653 iis
715 2606 906 2682 temporum
928 2579 1203 2663 circumstantiis,
1229 2601 1346 2675 utpote
1367 2577 1458 2654 nulla
1477 2502 1660 2652 necesstsre
1679 2570 1811 2661 corui,
1836 2571 1897 2654 nis
1913 2568 1963 2674 ipsl

503 2677 643 2751 eandem
661 2683 753 2754 Pa‘cit
768 2679 941 2776 Religiosae
954 2679 1130 2781 principiis
1148 2667 1356 2752 conformem
1368 2669 1580 2776 agnovissent.

620 2819 669 2885 Er
685 2815 833 2888 hisvero
852 2809 1083 2908 sequelaame
1099 2804 1241 2884 dedusls
1264 2804 1353 2892 fuit,
1377 2808 1480 2881 ltodie
1502 2831 1564 2902 per
1583 2811 1702 2880 Pacem
1714 2811 1795 2891 W.,
1819 2827 1966 2905 ttnqntm

504 2910 598 2982 Pacis
614 2908 722 2998 Relig.
739 2908 1009 2988 declaratntiam,
1030 2931 1096 2977 non
1127 2904 1202 3001 plus
1227 2901 1322 2978 fuisse
1345 2928 1527 2987 mutatum,
1552 2929 1651 3000 quam
1678 2904 1789 3000 quoad
1819 2903 1967 2980 effessum

377 3065 390 3074 ,
504 3004 690 3098 οκρείῐὲηιὶἱ
708 3001 860 3098 respeslu
883 3026 1001 3074 eorutn
1023 3000 1249 3084 subditorum,
1274 3006 1332 3098 qui
1356 3006 1392 3073 in
1418 3027 1503 3073 anno
1526 3002 1684 3074 Normali
1704 3004 1900 3075 exercitium
1918 3003 1969 3075 eli·

506 3099 599 3192 quod
619 3098 650 3172 se
669 3095 837 3194 possedisse
860 3099 1004 3195 probate
1027 3120 1195 3195 poterunt.
1247 3104 1301 3172 De
1319 3099 1380 3171 reli
1407 3123 1450 3170 uo
1473 3123 1573 3188 ergo,
1595 3096 1752 3172 effessum
1767 3101 1971 3172 introducent

505 3195 541 3266 dr·
557 3193 647 3266 suam
664 3195 872 3286 Religionem
886 3198 1041 3270 Dominis
1059 3195 1123 3268 hoc
1143 3195 1215 3303 ipso
1232 3193 1294 3269 esse
1312 3124 1472 3270 intadum
1493 3194 1743 3360 illibatumpue,
1768 3199 1850 3292 quia
1870 3200 1972 3270 omnis

504 3288 663 3361 limitatio
677 3289 796 3362 slrislae
813 3295 1098 3388 interpretationis
1116 3291 1179 3368 esse
1193 3289 1301 3370 debet.
1362 3295 1411 3361 Er
1431 3295 1573 3390 paritate
1596 3297 1666 3362 Dec
1682 3295 1840 3366 arationis
1860 3299 1889 3368 F
1890 3293 1973 3366 erdi·

440 3449 442 3454 .
505 3388 642 3457 nandcae
659 3386 693 3457 id
718 3388 857 3459 ulterius
877 3387 1077 3472 illusltatur,
1106 3413 1172 3484 qua
1196 3385 1302 3460 solum
1324 3390 1518 3462 exercitium
1536 3413 1592 3459 aur
1608 3388 1729 3458 slabilrs
1746 3391 1780 3459 in
1799 3393 1976 3464 territoriis

505 3484 700 3578 Principum
716 3481 1011 3561 Ecclesiasticotum
1027 3487 1257 3581 permanentia
1279 3482 1344 3556 line
1365 3508 1457 3560 metu
1476 3483 1673 3582 expulsionis
1693 3483 1830 3557 subditis
1849 3485 1979 3585 quaefita

507 3573 592 3659 fuit,
617 3584 708 3650 omni
724 3585 807 3676 Jute
828 3579 1028 3677 prohibendi
1043 3579 1213 3664 destitura3
1237 3581 1327 3653 unde
1349 3607 1425 3653 aunt
1447 3583 1480 3651 in
1503 3582 1612 3651 locum
1629 3583 1719 3652 illius
1740 3607 1846 3654 annus
1871 3584 1981 3659 decre·

507 3677 613 3746 torius
631 3676 821 3767 surrogatus
837 3674 959 3760 fuerit,
993 3702 1054 3748 nec
1076 3676 1133 3749 isle
1154 3679 1313 3770 majorem
1335 3679 1368 3749 dr
1391 3679 1589 3775 ampliorem
1607 3674 1757 3752 favorem
1774 3678 1981 3782 superaddit,

505 3768 566 3847 nin
581 3775 613 3844 in
631 3798 792 3870 quantum
808 3774 981 3871 quidpiam
996 3771 1116 3846 diserte
1137 3769 1241 3850 fuerit
1254 3773 1450 3871 expresstm.

610 3903 712 3980 Hisce
727 3910 932 4010 opponitur:
957 3904 1083 4000 majora
1099 3902 1222 3976 debere
1236 3903 1299 3977 esse
1311 3911 1394 4002 Jura
1413 3931 1610 4004 perannum
1626 3908 1829 3983 Normalem
1843 3907 1982 3987 subditis

510 3995 668 4083 obtenta,
694 4027 793 4114 quam
812 4029 873 4102 per
884 4007 1001 4075 Pacem
1015 4006 1056 4074 R.
1074 4000 1106 4074 dt
1124 4001 1389 4076 Declaratinnem
1406 4003 1689 4077 Ferdinsndaeam.
1743 4008 1836 4084 Alias
1856 4013 1982 4085 nullam

511 4093 635 4167 subesse
652 4121 835 4179 rationem,
876 4125 936 4171 cur
960 4122 1063 4172 annus
1082 4101 1299 4183 Decretorius
1317 4099 1542 4172 Declarationi
1561 4103 1639 4174 huic
1661 4102 1797 4174 demum
1812 4103 1983 4200 surrogari

511 4193 669 4269 voluerit.
719 4192 776 4266 alst
800 4196 883 4267 ratio
904 4192 979 4266 sane
1002 4193 1169 4264 abundans
1189 4190 1255 4266 fuit
1276 4194 1344 4292 ipsa
1362 4197 1418 4268 illa
1440 4200 1559 4290 agitata
1583 4224 1750 4294 perpetuo
1770 4205 1859 4274 inter
1875 4208 1982 4280 Status

511 4294 687 4383 utriusque
703 4292 885 4384 Religionis
901 4291 999 4392 supet
1012 4290 1242 4362 declarationis
1259 4289 1404 4386 praefatae
1421 4300 1557 4365 veritate
1582 4296 1615 4368 dr
1636 4297 1806 4368 authentia
1824 4299 1982 4399 disrepta

512 4389 580 4467 tin,
606 4411 679 4482 quae
697 4411 866 4490 nunquam
881 4386 1008 4458 slabiles
1027 4411 1126 4493 atque
1140 4384 1272 4460 securos
1287 4389 1484 4461 conslirucre
1505 4414 1636 4487 poterat
1651 4389 1810 4468 subditos.
1869 4398 1982 4493 Major

512 4485 808 4594 praelreteautilitas
823 4482 898 4555 inde
914 4480 1056 4565 acceslit,
1083 4485 1372 4656 puodDeclaratio
1388 4487 1623 4557 Ferdinandaea
1635 4485 1721 4559 solos
1737 4489 1937 4567 subditosrl.
1949 4499 1982 4570 Ο.

511 4576 663 4661 tddtslos
680 4603 833 4685 tempore
850 4581 1084 4674 PtcisReligin
1102 4606 1127 4654 e
1141 4581 1299 4662 concluse
1313 4586 1555 4660 inTerritoriis
1570 4569 1798 4662 Ecclefiassicis
1813 4588 1983 4667 exilientes

1920 4711 1983 4765 slie-
