4950 5567
474 493 578 652 70⁸⁵
925 445 1506 616 orssrninrro

475 736 602 808 tionem
617 717 875 796 l’roteilantlum
898 716 1086 797 tendentur
1114 716 1204 813 quod
1230 739 1345 810 parere
1368 713 1521 810 ajouter
1544 713 1635 795 illis,
1662 735 1743 810 quae
1761 706 1958 806 antedrpud

475 805 595 929 pacem
618 820 805 913 religlolnm
829 818 863 890 dr
886 817 1026 887 durante
1045 814 1134 885 bello
1153 814 1325 884 tricennali
1342 812 1428 903 gella
1444 811 1537 896 sunr;
1563 814 1724 907 adeoque
1744 813 1841 885 nullo
1855 805 1961 883 benefi-

476 928 532 1000 cio
548 924 667 1013 dignus
682 915 729 989 est
744 916 863 988 Clerus
879 913 1092 995 catholicus,
1114 912 1193 982 dum
1211 910 1331 1004 injuria
1349 907 1607 982 Protessanribus
1625 911 1722 979 illata
1740 906 1785 979 ab
1802 914 1862 983 illo
1874 901 1966 1007 profi·

477 1017 620 1095 eiseitur.
637 1010 727 1086 conf.
742 1016 888 1085 Fnonr
906 1011 1135 1101 Stanslgancley
1153 1012 1187 1078 Ρ.
1207 1032 1261 1100 37.
1279 1032 1312 1103 p.
1331 1015 1413 1099 617.
1432 1005 1516 1106 seq.:
1541 1007 1624 1103 quin
1641 1003 1780 1095 obstet,

596 1153 655 1220 xl.
671 1145 762 1243 quod
778 1138 1077 1239 raleaRepreslalie
1088 1140 1288 1237 plerumque
1304 1137 1384 1210 fiant
1400 1134 1592 1210 infavorem
1608 1136 1836 1211 subditorum
1847 1159 1965 1210 extero·
2000 1177 2007 1188 ·

347 1247 351 1252 ’
483 1271 579 1326 rum:
602 1245 672 1342 jam
687 1267 797 1315 autem
813 1243 904 1332 leges
918 1243 1006 1335 Imp.
1017 1233 1138 1310 Recels.
1148 1238 1287 1332 lmp.de
1304 1263 1356 1305 an.
1372 1234 1502 1334 maol
1523 1242 1744 1313 occumbens.
1763 1242 1806 1308 R.
1824 1241 1851 1308 l.
1869 1237 1911 1308 de
1925 1253 1969 1305 m:

488 1354 630 1439 1541.§.
641 1346 806 1413 nnddanit
817 1346 858 1408 im
867 1344 910 1408 H.
924 1339 1066 1408 nanno
1083 1339 1143 1412 &s
1154 1338 1195 1406 R.
1213 1338 1239 1403 1.
1256 1334 1298 1404 de
1315 1359 1365 1402 an.
1382 1334 1567 1427 1544.datlr
1576 1336 1633 1421 sod
1650 1337 1906 1421 &escandens
1917 1336 1971 1403 Pu

485 1439 654 1534 Religiosa
676 1438 718 1510 de
732 1462 785 1507 an.
814 1457 918 1526 1555.
934 1435 971 1517 §.
994 1441 1035 1502 Es
1046 1437 1100 1523 soll
1114 1435 1190 1502 anch
1205 1435 1267 1506 &a
1289 1428 1444 1501 instrum.
1463 1434 1554 1501 Pacis
1571 1429 1770 1524 Olirabrug.
1790 1441 1869 1505 Art.
1885 1437 1929 1502 V.
1946 1438 1969 1519 §-

484 1561 633 1710 guantum
655 1538 760 1605 deinde
775 1536 836 1610 &n
861 1529 1065 1627 Cepitulatio
1080 1526 1227 1599 Caesarea
1243 1533 1318 1597 Art.
1339 1552 1395 1616 ²7·
1412 1528 1581 1598 inhibeant
1595 1530 1762 1600 Dominis
1784 1531 1972 1601 teritoriali·

486 1622 1969 1823 illolt‘lsssl‘lll?lllltlssil'lliltl‘lnlffilllll‘ril'llll-22

352 1867 355 1872 ·
485 1831 569 1903 tiam
585 1851 662 1918 erga
678 1822 772 1895 soum
786 1823 972 1896 Dominum
988 1818 1225 1891 territorialem
1240 1821 1491 1900 excitationem,
1509 1841 1609 1913 prout
1624 1842 1720 1913 patet
1737 1845 1781 1891 ex
1825 1815 1967 1916 acepub

486 1927 551 2000 lica
574 1926 614 1995 de
638 1949 688 1991 ao.
719 1931 821 2009 ¹548·
848 1921 884 2004 §.
911 1940 941 1991 1.
964 1923 1011 1988 als
1034 1923 1142 1989 meilen
1169 1921 1251 2000 δας
1277 1918 1346 1985 vim
1369 1937 1478 1985 tamen
1497 1913 1583 1985 hisce
1599 1914 1731 2005 legibus
1749 1847 1965 1994 iniitrerille,

486 2026 546 2118 qui
561 2044 615 2091 eas
631 2020 672 2090 ad
687 2015 794 2099 casus,
817 2014 874 2086 ubi
889 2010 1056 2110 procellio
1069 2016 1105 2082 in
1122 2009 1223 2082 caufia
1240 2011 1412 2103 religionis
1426 2008 1563 2082 subditis
1582 2013 1699 2081 alicnis
1716 2015 1842 2108 injuste
1862 2008 1963 2115 prelia

486 2120 702 2202 conceditur,
725 2112 902 2187 extendere
917 2110 1026 2208 uellet.
1040 2105 1130 2183 conf.
1146 2112 1203 2182 cit.
1220 2111 1570 2204 Vndellungsjcbreibm
1586 2110 1676 2205 apud
1690 2113 1963 2188 Fauonio

445 2303 465 2338 ·
485 2238 524 2314 p.
541 2223 622 2286 621.
637 2211 704 2308 seq.

1164 2343 1199 2425 §.
1249 2337 1293 2413 X.

620 2457 623 2462 ’
734 2467 981 2543 Recensentur
995 2459 1177 2543 contraria
1196 2468 1465 2544 Catholieorum
1482 2470 1728 2546 fundamenta.

613 2605 745 2676 Verum
765 2601 931 2674 recenlitis
954 2600 1112 2674 hellenus
1134 2627 1198 2698 pro
1220 2600 1351 2699 Justitia
1372 2605 1532 2699 pretenla
1553 2603 1838 2700 Reprellaliarum
1864 2612 1964 2683 Prote·

495 2703 649 2779 stantium
673 2701 895 2792 argumentis,
918 2725 1018 2796 quam
1042 2699 1184 2794 speciosa
1206 2704 1305 2770 etiam
1327 2704 1440 2794 primo
1458 2701 1576 2771 obtutu
1603 2704 1801 2786 videantur,
1828 2733 1897 2779 nou
1914 2706 1962 2779 ob·

494 2802 671 2879 stantibus,
694 2799 799 2887 magis
826 2794 960 2867 lundata
986 2795 1031 2866 est
1057 2796 1307 2866 catholicorum
1334 2793 1508 2878 sententio,
1536 2798 1645 2892 quod,
1677 2798 1760 2873 ficut
1785 2811 1899 2874 omnia
1921 2806 1965 2874 vit

496 2898 577 2972 secli
592 2902 624 2966 in
637 2892 736 2965 caufis
754 2893 924 2984 religionis
942 2899 973 2962 in
989 2895 1154 2988 Imperio,
1173 2890 1215 2962 fic
1232 2893 1263 2963 u
1281 2890 1489 2989 Reprclsaliae
1505 2891 1708 2990 potillrmum
1720 2922 1841 2970 eontra
1856 2904 1964 2972 tertios

360 3047 370 3066 χ
496 3000 688 3070 innocentes
707 2989 765 3059 sint
781 2992 946 3073 inhibitae3
974 3015 1049 3059 cum
1065 2993 1187 3085 partim
1204 3012 1317 3060 contre
1332 2990 1421 3082 leges
1437 2995 1596 3087 lmpctii,
1618 3000 1740 3088 partim
1756 3020 1877 3068 contra
1889 2997 1966 3094 judi·

495 3099 618 3166 cariam
645 3090 674 3158 dc
698 3091 901 3157 executivam
919 3092 1135 3179 Imperatoris
1160 3085 1371 3180 potestatem,
1398 3092 1518 3182 partim
1540 3112 1652 3159 contra
1666 3092 1752 3186 juris
1770 3095 1967 3189 analogiam,

496 3193 620 3291 partim
635 3189 778 3278 denique
795 3207 909 3255 contra
923 3184 1080 3280 justitiam
1100 3184 1130 3254 dt
1149 3183 1257 3255 sanam
1273 3187 1426 3280 politiam
1441 3189 1645 3280 impingant3
1673 3191 1705 3261 dt
1722 3193 1867 3285 quidem

610 3344 639 3408 1.
666 3336 847 3425 Reprcffnliae
860 3340 891 3403 in
910 3336 1002 3420 trufis
1019 3340 1168 3424 religionis
1186 3336 1296 3427 legibus
1314 3340 1432 3427 Imperii
1453 3339 1652 3422 probibentur.
1702 3340 1806 3435 Qtod
1829 3341 1969 3437 spellam

495 3433 572 3532 jure
589 3433 723 3529 publico
738 3430 930 3508 universali,
958 3456 1017 3500 nce
1035 3458 1098 3501 non
1113 3429 1252 3501 slnbilita
1275 3457 1373 3518 ¹495·
1392 3443 1424 3501 in
1443 3436 1623 3504 Germania
1641 3459 1722 3530 poce
1739 3436 1898 3530 publica,
1924 3465 1971 3510 ur·

497 3536 676 3623 dinataque
697 3532 735 3598 ad
758 3529 953 3598 decidendas
973 3526 1209 3599 controversus
1229 3532 1316 3597 inter
1331 3527 1429 3598 llatus
1447 3533 1585 3624 imperii
1606 3556 1816 3623 emergentes
1834 3540 1970 3607 Cometa

497 3628 686 3725 imperiali,
714 3625 791 3696 ficut
813 3651 928 3696 omncs
953 3629 1011 3694 viae
1039 3621 1135 3706 sarili,
1164 3624 1202 3694 lic
1227 3625 1258 3695 dt
1283 3647 1344 3715 per
1367 3626 1632 3720 consequentiam
1657 3628 1871 3723 Reprellaliae
1893 3636 1970 3703 indi·

495 3724 611 3798 ssin'ele
627 3723 775 3794 inhibito
793 3721 937 3803 fuerint,
963 3720 1142 3791 dedndlum
1163 3720 1226 3792 fuit
1242 3720 1357 3813 litpra;
1385 3724 1415 3793 dt
1434 3749 1608 3820 quousque
1623 3724 1662 3795 ab
1678 3728 1738 3795 nlo
1757 3751 1915 3824 tempore
1938 3736 1967 3800 iu

497 3826 678 3895 Germania
693 3846 756 3889 uno
773 3821 879 3890 adhuc
902 3819 1032 3910 vigebat
1050 3821 1179 3909 Religio
1197 3825 1362 3890 Romano·
1376 3822 1562 3898 catholica,
1579 3823 1620 3890 de
1640 3824 1833 3894 exercendis
1846 3830 1880 3894 in
1897 3852 1967 3899 cou-

497 3918 536 3994 fis
559 3919 728 4007 religionis
746 3914 955 4013 Reprclsaliis
971 3942 1031 4010 per
1048 3922 1094 3987 tei
1111 3941 1261 3986 naturam
1278 3920 1416 4010 cogitari
1434 3920 1519 3987 haud
1536 3942 1684 4013 poterut,
1711 3918 1764 3990 scd
1780 3920 1968 3994 dominans

497 4040 553 4088 tur
568 4018 738 4105 religionis
759 4020 879 4084 intuito
895 4018 988 4108 quies
1005 4014 1078 4093 illa,
1105 4040 1177 4107 que
1194 4014 1267 4083 aliis
1285 4022 1317 4084 in
1334 4019 1463 4106 regnis,
1484 4012 1540 4083 nbi
1566 4016 1738 4105 religionis
1762 4021 1872 4089 unitas
1897 4046 1969 4091 con·

496 4112 621 4186 servata
639 4110 719 4192 fuit,
742 4137 857 4181 omnes
873 4136 981 4181 motus
997 4116 1144 4180 internos
1160 4136 1272 4181 atcere
1288 4139 1323 4183 cc
1344 4115 1465 4183 civium
1484 4137 1601 4182 nexum
1622 4114 1655 4183 δι
1677 4118 1891 4185 concordiam
1916 4117 1969 4188 sla·

498 4209 597 4281 bilire
614 4209 705 4281 l'olet.
758 4205 902 4302 Quaestio
920 4213 1038 4294 igitur:
1066 4234 1104 4276 an
1126 4233 1187 4303 per
1204 4209 1340 4279 modum
1359 4211 1560 4303 exceptionis
1581 4234 1597 4277 a
1619 4209 1734 4299 regula
1756 4212 1966 4308 Reprcllalia·

500 4334 576 4380 rum
599 4307 771 4377 inhibitiva
795 4304 1002 4399 Reprell'aliae
1027 4308 1059 4372 in
1082 4304 1182 4375 caulis
1202 4307 1373 4397 religionis
1393 4310 1537 4376 exerceri
1562 4313 1707 4401 queant?
1750 4311 1875 4380 natales
1899 4309 1967 4383 suot

500 4406 635 4476 demum
657 4403 779 4474 habere
795 4406 905 4497 potuit
919 4401 958 4471 ab
977 4404 1042 4472 illis
1063 4402 1288 4498 temporibus,
1315 4404 1371 4474 ubi
1394 4429 1455 4502 per
1474 4427 1569 4497 paces
1587 4403 1789 4495 Religiosam
1813 4406 1847 4477 dt
1869 4408 1968 4480 West·

498 4501 666 4600 phalicam
680 4523 804 4601 preter
821 4502 940 4574 unitam
958 4500 1164 4574 catholicam
1185 4502 1293 4602 adhue
1315 4501 1431 4604 plures
1452 4500 1523 4574 eliae
1548 4498 1726 4596 religiones
1745 4500 1802 4600 jus
1828 4508 1968 4579 civitatis

1883 4601 1966 4679 obti-
