4950 5567
608 639 684 718 524
1030 600 1282 688 DlATRlBA
1311 590 1665 677 INAUGURALlS

716 791 820 878 scopis
827 785 885 873 sea
897 787 941 851 Pa
967 785 1071 848 orions
1077 782 1184 868 secere
1196 779 1437 875 Ordinationes,
1447 788 1482 844 nt
1495 773 1665 874 renuardine
1677 777 1832 867 gerantur
1843 775 1880 836 in
1894 769 2083 869 Erchia...

723 895 786 939 non
805 875 913 956 petunt
987 867 1082 949 lefioe,
1110 875 1146 930 ret
1166 861 1309 946 Episcopi
1328 859 1521 941 honoresue
1538 858 1665 943 patinea
1682 854 1820 937 [arceant
1840 861 2083 928 concordien...

723 972 804 1018 nunc
817 971 877 1014 non
894 950 962 1013 ida
987 951 1069 1019 itae,
1087 954 1123 1009 aet
1142 944 1311 1007 dominatio
1331 943 1484 1024 eripiatur
1500 938 1679 1022 Episcopise
1707 933 1759 1014 sed
1778 932 1832 1032 leof
1851 955 1954 1000 renem
1973 945 2083 1021 petitae,

723 1043 761 1100 ue
777 1034 941 1115 patiantur
953 964 1158 1111 {vangelirem
1169 1042 1247 1107 pure
1260 1022 1369 1084 doura
1412 1020 1494 1083 Male
1515 1020 1641 1099 quidem
1655 1017 1719 1077 hoc
1735 1017 1847 1077 uabmt
1860 1021 2019 1097 quosdam
2033 1026 2084 1085 im·
2113 1077 2115 1084 .

724 1113 973 1183 moderatiores,
1017 1111 1049 1171 ni
1070 1107 1240 1171 lenitatem·
1254 1102 1382 1164 nimiam
1403 1099 1538 1182 Philippi
1556 1097 1789 1161 lrlelauchtonie
1810 1097 1999 1164 incusabant
2020 1102 2083 1176 ,sed

722 1195 790 1260 hoc
803 1192 973 1257 confutati
995 1128 1026 1252 le
1040 1190 1071 1251 in
1087 1187 1138 1249 sua
1153 1184 1191 1247 ad
1203 1179 1464 1264 Comarar.Epist.
1478 1181 1559 1261 apud
1573 1180 1806 1243 semum
1816 1177 1855 1240 de
1872 1181 1975 1245 libert.
1990 1122 2079 1264 ἑά(

728 1275 833 1339 Germ.
852 1274 902 1337 ae.
916 1294 946 1354 7.
971 1211 1042 1350 lap.
1052 1287 1082 1348 4.
1102 1268 1128 1349 t.
1141 1284 1191 1329 12.
1225 1272 1263 1325 ut
1288 1279 1371 1342 ego,
1397 1262 1484 1343 quod
1502 1260 1626 1331 sentio,
1646 1259 1772 1354 dicam}
1793 1260 1952 1354 utinam,
1976 1263 2077 1329 ntidin

723 1355 856 1441 poilim.
876 1371 942 1416 non
956 1353 1080 1433 quidem
1104 1346 1355 1411 deminutionem
1374 1341 1583 1410 confirmare,
1603 1339 1655 1402 sed
1675 1337 1995 1405 Administretionem
2009 1343 2078 1408 reii-

723 1450 817 1501 tuere
835 1432 1075 1517 Episcoporum.
1119 1428 1262 1496 V1uno
1285 1442 1420 1498 nura,
1471 1422 1574 1484 uelem
1600 1423 2079 1489 srnucntmuuuc·

723 1536 931 1657 “mil
956 1504 1452 1656 ⁰i·⁸1·⁵⁰”¹?t.¹'⁰i1s.¹t.
1471 1502 1975 1647 'iiit'tzifazillffl’
1990 1507 2077 1651 ”ll-²¹

724 1599 988 1758 {tillidilllletltllt
1006 1605 1316 1748 liliilrnelmupllrillllpi
1333 1684 1398 1726 nou
1416 1605 1583 1728 collfirmat
1595 1624 1623 1725 ἵ,
1646 1601 1731 1725 illem
1752 1663 1785 1725 in
1807 1663 1869 1726 alia
1886 1603 2078 1732 edlglrlddenl

726 1777 793 1841 ego
804 1761 930 1841 optimo
946 1754 1064 1818 Animo
1086 1751 1205 1830 semper
1224 1746 1357 1829 putavi,
1377 1745 1431 1807 iste
1451 1743 1653 1807 concedenda
1667 1741 1751 1814 esse;
1771 1761 1836 1824 quo
1858 1743 1938 1817 June
1953 1749 2033 1814 eni„
2051 1751 2079 1814 ῃ.

726 1840 813 1904 cebit
826 1838 919 1902 nobis
942 1834 1111 1899 dissolvere
1129 1830 1274 1893 Politiam
1295 1824 1560 1897 Ecclefiasticam,
1581 1821 1605 1887 st
1627 1821 1775 1906 Episcopi
1797 1826 1893 1890 nobie
1920 1833 2080 1895 concedant

725 1922 808 1993 illa,
837 1937 909 2002 quoe
933 1912 1126 1996 aequumest
1148 1929 1206 1972 eoa
1227 1906 1431 1972 concedere?
1464 1918 1517 1981 et,
1544 1915 1581 1968 ut
1602 1905 1713 1975 liceat,
1736 1916 1823 1969 certe
1847 1926 1917 1971 nou
1947 1913 2078 1994 expedit:

726 2001 850 2083 semper
872 2001 917 2064 ita
944 1996 1033 2059 sensit
1056 1994 1314 2061 Lurrrenua,
1343 2006 1437 2069 quem
1460 1988 1546 2050 nulla
1570 1986 1611 2048 de
1633 1977 1730 2049 Causa
1751 1988 1904 2071 quidam,
1926 2002 1966 2056 ut
1988 1995 2079 2069 video,

660 2141 662 2146 .
728 2091 852 2154 amant,
877 2077 934 2141 nifi
956 2078 1029 2157 quie
1044 2070 1205 2137 Beneficio
1230 2070 1300 2149 ejue
1321 2065 1474 2142 sentiunt,
1497 2068 1527 2131 se
1552 2065 1727 2154 Episcopus
1747 2069 1937 2147 excussil'se,
1971 2085 2008 2140 et
2028 2096 2079 2140 an·

728 2179 841 2225 arros
863 2160 1099 2222 Lruennnrun
1120 2153 1244 2217 minine
1262 2151 1365 2215 utilem
1377 2149 1414 2215 ed
1429 2149 1662 2238 posteritatem:
1685 2152 1784 2234 qualis
1798 2155 1904 2229 enim,
1924 2157 2021 2228 cedo,
2042 2157 2080 2220 sa·

729 2250 822 2304 turus
845 2237 889 2302 est
904 2238 1000 2301 statue
1020 2239 1057 2300 ad
1079 2233 1222 2319 posteros
1236 2237 1269 2299 iu
1286 2231 1452 2308 Eccleliie,
1474 2234 1622 2298 liomues
1636 2244 1762 2297 veterea
1776 2253 1885 2300 mores
1901 2234 1962 2298 tint
1972 2239 2079 2311 aboliti,

730 2322 848 2386 finnlli
861 2322 938 2383 certi
952 2319 1009 2382 lint
1029 2317 1172 2401 proetides
1186 2317 1204 2379 ‘t
1237 2316 1403 2379 Addantur
1422 2317 1597 2398 fragmenta
1615 2314 1766 2396 Epistolae
1779 2315 1923 2396 ejusdem
1936 2317 2080 2382 lrlelnuch·

730 2402 819 2464 tonis
844 2403 883 2463 ed
913 2401 1068 2480 Legatum
1089 2399 1120 2464 S.
1141 2398 1173 2462 S.
1195 2399 1235 2463 A.
1255 2397 1342 2461 Curd.
1362 2396 1590 2480 Campeggium
1619 2397 1702 2479 apud
1728 2393 1884 2461 Saone.
1906 2395 2078 2467 Peucen.

731 2481 1127 2561 Hea.t0nc.rr1·a.ae.3.
1157 2479 1228 2558 Cap.
1244 2497 1275 2555 4.
1296 2496 1379 2542 nam.
1394 2496 1425 2557 4.
1468 2478 1521 2540 Do
1578 2478 1735 2541 anullum
1759 2475 1915 2540 habemus
1937 2480 2079 2545 diversnn
2115 2525 2120 2530 -

729 2585 751 2625 a
765 2562 904 2628 Romana
920 2560 1055 2624 Ecclesia
1065 2608 1074 2626 .
1084 2606 1092 2625 .
1103 2607 1131 2624 ..
1150 2560 1248 2641 parati
1264 2558 1366 2621 sumus
1381 2559 1509 2622 obedire
1551 2557 1669 2621 cclefiae
1682 2557 1850 2631 Romanae,
1871 2560 1974 2623 modo
1988 2576 2025 2626 ut
2038 2563 2079 2628 ile

729 2662 792 2725 pro
808 2644 858 2740 sna
874 2645 1057 2714 clementia,
1080 2661 1140 2723 qun
1154 2642 1271 2722 semper
1289 2658 1363 2733 erg!
1378 2658 1490 2703 omnen
1510 2638 1657 2736 honines
1671 2637 1803 2736 nietest,
1828 2658 1928 2723 parva
1951 2645 2077 2725 quaed·
2114 2711 2121 2728 ἱ

728 2720 2077 2895 ili{instituatur”aaa‚⁰5ttttt.l‘¹¹atn”ta‘atta
2115 2783 2121 2798 ·

730 2898 915 2947 reverenter
932 2886 1089 2958 colimus,
1112 2883 1211 2944 modo
1226 2901 1292 2942 non
1311 2883 1437 2962 abjiciat
1450 2901 1510 2943 nos
1522 2881 1683 2944 Romanus
1700 2820 1731 2943 ll
2114 2911 2121 2918 ·

655 2999 693 3066 ‘P'
710 3000 939 3084 Episcoporum
951 3001 1023 3072 lura
1038 2995 1196 3061 Conscllio
1210 2996 1248 3058 A.
1263 2996 1402 3077 conjecit
1415 2999 1447 3062 in
1464 2999 1541 3062 duas
1560 2998 1684 3061 clallest
1707 3018 1823 3062 antire
1846 2998 1917 3063 sunt
1928 2999 2075 3082 Q‘Jueisdi·

619 3085 634 3094 ”
734 3087 802 3145 oinct
813 3124 822 3155 ,
845 3083 1122 3158 recommonens
1137 3080 1287 3140 humani:
1317 3092 1463 3141 neutrum
1488 3100 1588 3160 genus
1609 3082 1741 3142 restituit
1761 3081 1969 3163 Principibus.
2016 3083 2075 3147 Non

732 3165 832 3237 illud,
856 3162 937 3244 qnod
952 3162 1022 3245 est,
1041 3163 1106 3221 aris
1125 3161 1247 3231 divini,
1270 3160 1341 3240 quir
1361 3159 1501 3242 exprell'e
1517 3160 1689 3223 reservavit
1705 3161 1868 3242 Episcopis
1890 3164 2075 3245 praedicatio·

730 3265 823 3316 nem,
846 3256 1050 3324 peccatorum
1076 3240 1306 3311 remiffionem,
1337 3254 1370 3303 et
1394 3242 1626 3312 retentionem,
1655 3243 1919 3307 incrementorum
1948 3246 2075 3307 Admini·

731 3327 935 3398 ditationem,
959 3321 1205 3406 perniciosorum
1227 3321 1414 3400 dogmatum
1437 3321 1616 3390 censuram.
1645 3328 2033 3400 excommunicationem,
2049 3333 2074 3387 et

641 3473 645 3482 ,
732 3408 951 3470 ordinationes
974 3404 1129 3467 salutares.
1172 3400 1254 3462 Illud
1267 3420 1362 3476 vero,
1406 3401 2073 3483 uod,JurishamaaisecuudumCousclt'to·

730 3487 826 3551 uillas
842 3487 904 3560 est,
928 3498 1003 3547 tunc
1015 3487 1138 3545 demum
1152 3481 1289 3562 usurpari
1304 3483 1347 3544 eit
1361 3422 1606 3565 ol'riucipibus,
1628 3504 1698 3546 cum
1720 3484 1868 3568 Episcopi
1890 3507 1958 3550 nou
1980 3487 2072 3550 officio

731 3569 790 3633 suo
805 3570 996 3648 iunguntur:
1017 3583 1254 3626 cussnunuus
1269 3563 1493 3626 Ouurunnrrs
1506 3575 1656 3643 rogaretur
1671 3566 1837 3645 Principes,
1857 3587 1929 3629 var.
1950 3589 2072 3640 ruvrrr,

723 3649 796 3734 sais
806 3650 942 3731 subditis
954 3647 1009 3729 jus
1022 3647 1134 3716 aiam,
1154 3653 1189 3706 at
1207 3661 1274 3723 pax
1291 3647 1469 3709 retineatur.
1525 3646 1634 3725 ltaque
1650 3646 1714 3708 Pax
1728 3649 1832 3729 postea
1853 3669 1921 3712 non
1940 3652 2072 3715 debueret

730 3734 850 3813 eripere
872 3727 1052 3811 Episcopiu,
1076 3722 1187 3786 officio
1212 3723 1268 3785 suo
1288 3725 1395 3789 zelole
1414 3725 1627 3810 iungentibus.

653 3852 705 3908 xit*
727 3846 788 3912 Sed
807 3847 914 3907 voluit
932 3846 984 3924 (ι)
1008 3841 1145 3924 seperare
1168 3839 1357 3905 Potestatem
1380 3841 1620 3907 Ecclesiasticam
1642 3864 1658 3904 a
1682 3844 1837 3926 potestate
1856 3847 1972 3929 gladii,
1993 3857 2023 3911 et
2039 3845 2070 3908 fic

731 3931 788 4004 (a)
809 3927 924 3988 limites
944 3944 1062 4006 ponere
1074 3925 1190 4005 priori,
1210 3939 1269 3984 nec
1282 3922 1325 3984 sui
1340 3923 1433 3985 abusu
1447 3942 1541 4005 regna
1555 3927 1661 3988 mundi
1683 3927 1850 3989 transferet
1863 3930 1878 3998 ,²
1896 3943 1928 3990 et
1947 3930 2069 4011 Impert-

728 4010 853 4072 toribus
867 4009 982 4069 adimat
997 4005 1175 4086 Imperium.
1219 4004 1275 4142 9)
1296 4001 1456 4086 Improbat
1474 4025 1582 4068 novos
1598 4009 1701 4068 cultus
1717 4027 1759 4069 cx
1778 4008 1934 4071 Potestate
1948 4013 2066 4074 clavim

728 4086 949 4159 introduitos,
975 4085 1204 4148 reservetioues
1248 4082 1374 4156 esuum,
1399 4106 1436 4147 ac
1459 4087 1619 4149 violentas
1636 4085 2001 4157 Excommrinicationes.
2023 4093 2065 4167 (4)

729 4175 842 4238 ducet,
867 4168 1055 4230 l'otellatem
1079 4162 1321 4228 Ecclesiasticam
1347 4183 1437 4243 ae-pue
1454 4186 1490 4227 ac
1516 4169 1644 4230 civilem
1672 4182 1800 4249 propter
1823 4175 1999 4234 mandatum
2020 4169 2064 4235 Dei

727 4251 875 4332 religiose
889 4249 1115 4320 venerandam,
1131 4254 1164 4307 et
1182 4244 1306 4306 honore
1319 4243 1512 4309 afficiendam
1529 4248 1606 4314 esse.
1628 4262 1774 4330 tanquam
1794 4251 1946 4315 summum
1962 4256 2008 4315 dei
2024 4255 2061 4314 be

727 4333 876 4399 aeficium
893 4333 923 4393 iu
941 4332 1041 4392 terris.
1077 4332 1131 4408 (51
1150 4337 1312 4387 enumerat
1332 4341 1434 4405 partes
1451 4327 1614 4391 Potestatis
1632 4329 1853 4394 Ecclesiasticae
1870 4349 1951 4406 tres,
1972 4349 2060 4411 nempe

715 4414 911 4484 ,Mandatum
929 4412 985 4471 Dei
999 4408 1188 4490 prudirandi
1207 4407 1392 4488 Evangelii,
1414 4412 1607 4475 remittendi.
1629 4423 1656 4473 et
1669 4414 1819 4475 retinendi
1831 4425 1964 4494 peccata,
1984 4426 2008 4476 et
2019 4411 2058 4475 al·

636 4509 640 4516 '
728 4499 809 4561 enini
833 4492 926 4558 randi
948 4489 1146 4552 Sacramenta
1167 4489 1362 4567 proindeque
1384 4490 1439 4569 (6)
1461 4491 1558 4563 dicit,
1586 4492 1625 4552 de
1645 4492 2057 4567 Jurerliviuonullnmluris·

729 4576 899 4647 aaronem
916 4579 1097 4657 competere
1116 4565 1304 4653 Episcopir,
1326 4581 1363 4638 ut
1382 4569 1567 4661 Episcopin,
1587 4571 1643 4637 uiti
1658 4576 1819 4641 remittere
1833 4590 1974 4660 peccata,
1999 4578 2054 4637 itm

1957 4672 2053 4740 essg'o·

1724 2879 1861 2947 untifcx.
