4950 5567
524 621 596 700 ua
610 603 1183 748 Jusrtsrncroit.tn'rrrt
1202 571 1439 706 uonrnos
1459 629 1821 709 sonatsonat.
1852 656 1939 735 457,

476 827 510 875 rs
524 799 630 875 asserti
645 805 783 875 inanitas
798 831 863 876 non
879 803 984 877 solum
1000 831 1038 879 ex
1057 806 1215 881 baslcnus
1238 807 1353 892 distis,
1388 808 1444 882 sed
1461 836 1501 882 etr
1522 821 1551 900 p.
1574 813 1630 904 30'.
1652 811 1685 882 dr
1709 840 1764 905 3¹·
1784 820 1858 885 Art.
1878 817 1926 885 V.
2005 825 2010 834 '

478 955 487 974 .
503 908 559 972 W.
577 924 731 997 tanquam
743 903 921 1000 praecipuis
939 905 971 975 dr
987 908 1156 1001 primariis
1173 907 1303 978 sedibus
1318 908 1392 979 lucc
1405 909 1588 984 meridiana
1602 908 1931 983 clarintoiienditurt

476 1001 501 1072 li
521 997 588 1071 duo
603 1003 650 1090 §al
667 998 688 1069 ss
704 999 855 1092 legantur
870 999 904 1072 dr
918 1002 1127 1094 relegantur,
1150 1019 1192 1077 'ea
1206 1027 1376 1101 nunquam
1395 1005 1589 1100 detorqueri
1612 1031 1787 1100 poterunt,
1818 1031 1856 1079 ut
1871 1003 1926 1081 vel

476 1099 623 1178 tinimam
645 1102 849 1169 mentionem
871 1104 982 1170 Status
1002 1101 1174 1196 cujusdam
1189 1104 1345 1198 privativi
1360 1097 1499 1173 subditis
1517 1099 1654 1174 concelli
1674 1127 1792 1174 eruere
1814 1105 1926 1179 liceat.
2051 1087 2084 1166 ’ὲ

476 1197 543 1293 ’grin
560 1197 671 1291 potius
687 1193 880 1267 intrinsecus
894 1201 942 1287 §§.
962 1195 1319 1292 praediilorumscnsus
1337 1223 1436 1296 atquc
1453 1197 1654 1271 construblio
1668 1224 1709 1270 eo
1723 1197 1854 1296 semper
1869 1201 1927 1274 dc·

481 1291 604 1374 inibit,
629 1313 666 1363 ut
683 1289 829 1366 Statibus
842 1299 980 1390 imperii
995 1300 1058 1391 Jus
1074 1291 1281 1368 reformandi
1299 1322 1336 1367 eit
1350 1300 1441 1392 praxi
1460 1295 1748 1378 haslcnus'ufitata
1763 1297 1796 1370 dr
1812 1293 1928 1394 supet·

476 1394 604 1462 aniente
624 1388 711 1461 clara
735 1390 839 1482 legis,
865 1395 957 1462 Pacis
981 1395 1141 1464 nimitum
1168 1393 1343 1486 Religiosae
1366 1391 1668 1489 westphalica,
1701 1391 1927 1490 dispositione,

476 1485 605 1560 sertum
625 1511 689 1584 pto
712 1483 828 1559 futuro
851 1491 950 1560 etiam
968 1486 1146 1561 stabilitum
1168 1490 1257 1564 bisce
1278 1511 1426 1573 maneat,
1456 1495 1502 1562 its
1518 1513 1644 1574 tamen,
1671 1514 1710 1562 ut
1732 1515 1773 1562 cx
1790 1517 1832 1563 eo
1848 1488 1929 1564 sub-¹

476 1591 600 1660 itorum
624 1582 839 1658 dissentientis
864 1611 882 1656 a
907 1583 966 1657 suo
993 1589 1143 1658 Domino
1169 1589 1355 1684 Religionis
1381 1585 1589 1683 polsellioni,
1622 1613 1722 1686 quam
1748 1593 1835 1661 circa
1859 1585 1926 1661 sua
1959 1677 1963 1684 Ι
2067 1671 2072 1686 ι

476 1685 644 1758 tercitium
662 1681 847 1775 Religionis
870 1682 1010 1780 ejusque
1030 1711 1152 1756 annexa
1172 1689 1205 1756 in
1226 1713 1312 1758 anno
1329 1691 1560 1758 MDL'XXlV.
1582 1686 1615 1759 dc
1635 1709 1832 1783 quacunque
1851 1691 1926 1782 ejus

476 1785 527 1852 nni
543 1803 656 1878 parte,
681 1783 800 1876 quovis
821 1805 860 1852 cx
882 1781 999 1863 titulo,
1023 1778 1079 1853 seu
1104 1778 1183 1854 fiili
1206 1781 1261 1856 scu
1281 1784 1393 1882 juris,
1418 1783 1626 1866 babuerunt,
1652 1783 1781 1855 nullum
1803 1780 1928 1856 insera-

476 1905 504 1950 ιι
519 1878 767 1976 prejudicium,
793 1875 847 1950 scd
870 1878 936 1948 hoc
958 1883 1040 1975 Jurc
1059 1875 1290 1963 reformandi,
1314 1905 1383 1978 quo
1404 1881 1485 1952 alias
1509 1879 1663 1955 adversus
1684 1879 1833 1952 subditos
1852 1905 1928 1954 cos·

476 2001 527 2050 cm
541 1981 591 2047 uti
608 1972 732 2074 posset,
753 1973 1007 2058 nonobstante,
1033 1973 1154 2048 subdiri
1177 1981 1210 2048 in
1231 1978 1347 2051 eadem
1369 1973 1560 2073 possessione
1577 1975 1715 2075 pacifice
1735 1979 1927 2074 relinquen·
2017 2011 2024 2026 ·

476 2079 506 2162 i,
532 2096 606 2157 aut,
631 2071 793 2145 liturbati
808 2067 951 2155 fuerint,
976 2099 1054 2144 mox
1067 2077 1101 2144 in
1121 2075 1261 2147 eandem
1277 2073 1339 2147 fior
1356 2071 1561 2147 restituendi.
1613 2077 1662 2145 Ex
1677 2073 1799 2171 quibus
1816 2073 1929 2146 neces·

476 2175 538 2244 trio
561 2171 846 2253 concludendum,
878 2171 969 2267 quod
994 2175 1022 2262 §.
1050 2198 1107 2265 30·
1133 2171 1255 2244 diserte
1276 2171 1418 2266 jubeat,
1449 2193 1487 2243 ut
1511 2171 1679 2243 Dominus
1702 2174 1865 2244 territorii
1889 2174 1927 2245 in

476 2271 607 2343 cercitio
624 2265 839 2366 &uquuris
855 2265 1081 2350 reformandi,
1109 2261 1210 2366 piout
1228 2268 1312 2340 illud
1337 2293 1376 2340 ex
1399 2271 1569 2340 communi
1593 2293 1656 2364 per
1680 2291 1790 2342 totum
1814 2275 1928 2367 Impe-
2065 2351 2068 2356 ,

476 2391 539 2440 tum
564 2365 723 2440 balianus
740 2364 854 2438 usitata
874 2369 968 2465 praxi
992 2364 1125 2448 habuit,
1153 2367 1313 2461 impediri
1331 2391 1351 2435 a
1368 2367 1502 2436 nemine
1519 2365 1662 2444 debeata
1686 2371 1703 2458 §
1735 2391 1927 2461 autem31.

476 2465 622 2557 idulgeat
646 2462 802 2544 subditis,
826 2487 864 2535 ut
887 2467 1052 2537 retineant
1076 2465 1269 2535 exercitium
1296 2459 1361 2533 sue
1380 2461 1565 2554 Religionis
1590 2487 1753 2534 unacum
1779 2467 1936 2549 annexis·

476 2565 616 2634 ustcnus
640 2562 698 2632 illa
717 2586 915 2658 quacunque
940 2562 1016 2632 anni
1039 2563 1270 2634 Mucxxlv.
1291 2582 1391 2658 parte
1417 2580 1660 2640 exercuerunt,
1701 2582 1758 2629 aut
1781 2564 1927 2634 exercite

476 2655 548 2732 tilsc
572 2658 716 2756 probare
732 2681 909 2757 poterunt,
939 2658 1141 2772 insuperque
1165 2659 1397 2756 relinquantur
1415 2657 1449 2727 in
1469 2652 1662 2824 posscffione
1683 2658 1834 2727 omniunt
1852 2650 1929 2730 sun·
2058 2713 2070 2740 t

476 2759 643 2840 esionam,
669 2756 963 2836 monasteriorum,
987 2779 1131 2850 luriunt,
1158 2755 1411 2850 &templorum
1430 2753 1484 2824 dic
1499 2779 1520 2824 o
1536 2775 1689 2849 tempore
1711 2753 1746 2822 in
1766 2749 1931 2848 potestate
1984 2754 1990 2764 “
2118 2769 2125 2784 ’

476 2879 570 2940 utum
584 2853 849 2926 constitutorum.
896 2858 939 2925 Et
954 2854 1009 2925 hic
1024 2850 1070 2924 cll
1083 2855 1244 2945 genuinus
1259 2856 1307 2945 §p
1323 2853 1468 2922 duorum
1489 2849 1628 2922 illorum
1646 2845 1773 2930 sensus,
1804 2849 1928 2925 nullibi

478 2943 650 3026 estabilito
666 2957 759 3024 Statu
776 2953 941 3049 privativo
964 2952 1039 3020 anni
1056 2951 1214 3021 normalis
1236 2951 1439 3026 mentionem
1459 2943 1661 3020 facientium.
1717 2949 1796 3018 Hoc
1816 2949 1932 3046 itaque

476 3049 559 3122 tostto
572 3046 669 3122 facile
686 3047 731 3120 eli
751 3051 1032 3129 animadvertere,
1062 3072 1162 3144 quant
1179 3045 1304 3119 sinistre
1319 3047 1504 3143 applicatus
1519 3043 1557 3118 lit
1574 3047 1610 3127 §-
1625 3043 1683 3116 illc
1703 3070 1755 3135 33.
1772 3043 1813 3114 ad
1826 3069 1930 3139 quem
2117 3137 2120 3146 Ι

476 3149 591 3220 lutltor
606 3143 786 3244 praedilius
803 3169 962 3243 provocat
978 3143 1145 3216 asserendo
1161 3150 1290 3216 Statum
1311 3145 1344 3216 δι
1361 3141 1600 3216 observantiam
1613 3145 1932 3218 anniMDCXXlV.

476 3241 600 3340 aprilli
615 3249 648 3315 in
662 3246 724 3316 hoc
741 3249 770 3337 §.
789 3271 853 3342 pro
868 3245 982 3336 regula
997 3237 1304 3323 stabilitum'fuille,
1328 3263 1446 3337 utpote
1462 3242 1519 3336 qui
1536 3265 1602 3310 non
1621 3238 1726 3310 solum
1748 3265 1786 3310 et
1807 3242 1931 3335 princi.

476 3343 524 3438 pali
536 3339 610 3414 sede
624 3346 653 3432 §.
668 3341 790 3414 scilicet
806 3369 863 3434 30.
879 3341 911 3412 dt
928 3367 990 3438 31,
1015 3343 1049 3410 in
1065 3339 1186 3436 quibus
1198 3344 1275 3410 'tam
1288 3344 1373 3435 Jura
1387 3342 1612 3409 Dominorum
1631 3360 1746 3409 contra
1767 3335 1929 3422 subditos,

476 3459 556 3532 qaam
573 3439 733 3512 beneficia
748 3439 955 3511 subditorum
970 3461 1083 3508 contra
1098 3439 1263 3508 Dominus
1280 3462 1343 3532 pro
1370 3439 1438 3506 rios
1461 3435 1679 3507 determinata
1697 3437 1929 3508 tantummodo

476 3533 606 3610 brenire
620 3536 684 3619 est,
710 3534 809 3634 scopo
823 3535 881 3608 suo
897 3529 1106 3607 inservientia
1121 3535 1161 3604 de
1189 3536 1310 3616 romit,
1335 3462 1390 3604 sdd
1405 3532 1438 3605 dr
1454 3557 1512 3612 ea,
1537 3557 1639 3627 prout
1653 3532 1783 3625 placent
1797 3532 1853 3602 vel·
1865 3529 1928 3605 dis·

476 3632 599 3725 plicent,
626 3634 730 3706 demit
745 3636 796 3706 vel
815 3634 917 3704 addit.
935 3643 963 3721 ς.
983 3636 1072 3703 enim
1098 3659 1152 3725 33.
1165 3559 1250 3702 bene
1267 3628 1432 3728 inspciius
1451 3631 1575 3700 nullius
1596 3633 1721 3710 Status,
1751 3627 1804 3700 sed
1827 3627 1929 3704 solius
2026 3715 2032 3724 ,

476 3728 671 3804 observantie
686 3736 887 3803 mentionem
904 3725 1001 3811 facit,
1029 3732 1109 3800 dum
1126 3729 1223 3801 dicit:
1250 3754 1307 3800 nnn
1323 3734 1451 3799 attentis
1457 3728 1512 3819 siti
1527 3731 1702 3798 annihilatis
1718 3729 1848 3798 nntnibnt
1857 3732 1931 3801 anni

476 3834 698 3906 nocam.
719 3831 929 3918 observantia,
956 3850 1058 3922 utpote
1071 3853 1130 3920 qtta
1144 3827 1237 3916 inlita
1251 3832 1355 3921 regula
1368 3829 1522 3912 obtineat,
1548 3829 1705 3896 contrariis
1724 3830 1797 3896 latis
1812 3826 1930 3908 (raten-

476 3926 769 4012 tintinabulis,
794 3934 885 4023 pallis
912 3931 972 4002 &n
997 3923 1235 3999 observantiam
1262 3947 1372 3995 autcm
1397 3922 1430 3994 dc
1456 3927 1583 3993 Statum
1606 3924 1680 3992 anni
1696 3925 1929 3997 Mucxxtv.

476 4043 667 4122 sequaquam
687 4022 936 4113 confundenda,
960 4049 997 4096 ar
1021 4049 1085 4120 pro
1105 4021 1286 4118 synonimis
1306 4020 1456 4093 habenda
1477 4021 1574 4091 docet
1594 4025 1627 4111 §.
1651 4019 1846 4091 antecedens
1871 4046 1928 4112 3¹·

476 4117 647 4196 rilindem
664 4122 879 4196 observantiae
893 4120 992 4213 hujus
1008 4126 1153 4193 occurrit
1168 4123 1313 4200 mentio,
1337 4124 1372 4190 in
1395 4114 1536 4190 clausula
1558 4115 1614 4188 illa
1636 4116 1831 4189 authoribus
1850 4121 1930 4190 Sue·

476 4218 687 4320 daoppulita,
713 4221 778 4294 five
793 4219 859 4292 sola
875 4221 1019 4315 denique
1041 4217 1120 4288 diiii
1144 4221 1217 4287 anni
1234 4217 1458 4299 observantia,
1485 4237 1666 4313 perquam
1693 4217 1786 4285 Succi
1809 4237 1929 4310 nequa·

476 4337 557 4412 [uam
572 4320 803 4401 intenderunt,
833 4341 871 4389 ut
887 4322 996 4388 Status
1019 4319 1092 4385 anni
1117 4319 1346 4386 MDCXXlV.
1369 4315 1454 4384 ratio
1473 4314 1629 4410 deinceps
1649 4311 1843 4391 haberetur,
1871 4307 1930 4384 sed

476 4435 500 4488 tt
512 4415 648 4489 subditis
661 4440 807 4499 tantum,
832 4413 952 4512 quibus
968 4409 1113 4509 possessio
1130 4413 1162 4484 dr
1177 4411 1253 4491 usus
1268 4413 1414 4482 exercitii
1430 4411 1613 4501 Religionis
1630 4411 1745 4481 eo'dem
1766 4433 1851 4480 anno
1872 4407 1929 4481 ha·

476 4515 519 4587 titi
535 4513 797 4608 suffragabatur,
827 4511 958 4586 facilior
977 4512 1125 4607 ejusdcm
1150 4509 1305 4608 probatio
1328 4505 1467 4594 edessen
1502 4511 1580 4580 binc
1604 4511 1676 4578 loco
1699 4507 1944 4608 conniventiae„

476 4638 555 4707 tuam
571 4609 774 4686 difficillime
790 4612 998 4712 probationis
1014 4607 1230 4683 causabantur
1245 4611 1357 4686 Sueci,
1378 4604 1619 4682 obseruintiam
1640 4608 1765 4704 apponi
1787 4607 1929 4705 petiere.

508 4709 635 4788 Tomisa·
662 4707 739 4787 W·
1282 4711 1324 4778 M
1349 4729 1382 4777 ιιι
1405 4729 1441 4777 ιιι
1831 4707 1937 4780 Clare
