4950 5567
529 596 658 686 'uu
674 591 901 678 suemus
923 590 1198 696 Quouuant
1219 539 1598 692 onstauottntts'
1621 601 1690 682 ue
1814 637 1887 713 213
1935 557 1938 562 ’
2021 593 2030 606 .

391 787 598 960 dadiemttdrp
611 787 684 976 κῆδε
702 781 816 881 publica
836 782 1004 878 Religionis
1031 780 1174 854 exercitio
1197 778 1407 877 tranfigurat,
1429 800 1500 856 tacu
1519 778 1663 861 studiose
1682 811 1719 863 ac
1740 788 1884 882 sollicite

395 913 560 970 tumutau
650 931 663 960 .

1053 1014 1083 1108 §-
1130 1011 1232 1089 Vll.

404 1263 413 1286 ¹
517 1149 774 1270 Alterumest,
799 1142 890 1249 quad
915 1169 1023 1264 penna
1048 1147 1165 1220 exinde
1189 1144 1539 1269 liuitcansequentia3
1565 1157 1663 1322 Ιςιιοά
1682 1185 1792 1261 neque
1818 1191 1884 1268 pe„
1921 1197 1928 1204 .
2015 1195 2018 1200 ,

403 1293 416 1342 t
439 1257 505 1338 sem
518 1253 802 1332 Transasltonem
817 1274 836 1318 a
852 1246 991 1319 subdens
1007 1272 1083 1319 cum
1099 1252 1249 1320 Domtno
1270 1251 1448 1320 ineundam
1467 1253 1502 1322 ht
1525 1277 1584 1349 rpt
1609 1266 1802 1336 exercitium
1824 1294 1887 1364 pu.

439 1366 526 1434 'um
555 1355 613 1472 sibi
632 1348 914 1471 concedendum,
954 1345 1007 1461 ¹oel
1039 1341 1182 1461 posthac
1213 1346 1471 1462 relinquendum
1505 1357 1715 1445 pretendere
1750 1387 1886 1460 queant,

406 1453 659 1538 Transafltoms
673 1474 762 1523 emm
776 1442 1083 1518 natura&tndoles
1099 1469 1219 1541 exigit,
1247 1468 1286 1517 ut
1300 1469 1429 1538 integra
1444 1473 1520 1519 cum
1537 1449 1691 1525 libertate
1706 1455 1774 1532 fiat.
1826 1471 1888 1537 At.
1932 1537 1935 1542 ¹
1986 1525 1989 1530 ,

407 1584 469 1660 que
485 1555 576 1654 siqua
593 1576 632 1624 ex
653 1573 719 1622 una
743 1569 838 1642 parte
862 1539 1029 1613 necessttas
1053 1539 1170 1613 saltem
1191 1544 1415 1616 conditionata
1433 1546 1485 1617 vel
1506 1545 1704 1642 disjuuiliva
1722 1553 1753 1627 se
1773 1580 1888 1638 tenete
2024 1571 2053 1612 ’-

405 1651 517 1757 posit,
547 1677 585 1727 ea
598 1673 690 1723 certe
705 1645 796 1718 illam
813 1666 879 1711 non
897 1643 1047 1730 attingit,
1074 1643 1107 1711 in
1122 1641 1216 1734 cujus
1238 1637 1387 1712 favorem
1404 1641 1599 1737 praeservari
1614 1649 1729 1723 voluit.
1779 1657 1891 1732 Publi.

408 1779 480 1832 tutu
495 1751 686 1844 Religionis
701 1742 906 1816 Exercitium
933 1736 1042 1835 ipsum
1058 1737 1142 1808 illud
1164 1736 1334 1832 objeslum
1357 1739 1553 1824 denotatur,
1577 1742 1761 1845 superque
1782 1774 1891 1835 trana-⁴

361 1855 369 1864 .
410 1849 492 1928 ,aio
505 1851 560 1924 vel
580 1843 717 1948 pallum
734 1834 964 1940 preferuntur.
1017 1838 1117 1909 Certe
1137 1834 1282 1932 proinde
1294 1838 1368 1932 lege
1382 1837 1416 1907 id
1431 1835 1553 1911 subditi
1572 1838 1631 1913 libi
1646 1845 1796 1924 debitum
1819 1857 1891 1928 vin·

410 1951 516 2024 dicere
535 1965 718 2043 nequeunt.
770 1938 857 2030 Quis
871 1937 961 2008 enim
979 1931 1046 2016 est,
1075 1937 1134 2031 qui
1150 1957 1301 2028 ignoret,
1325 1933 1604 2010 Transasltonem
1629 1941 1727 2018 dere
1749 1968 1909 2027 tantum·'
2040 1943 2051 1948 “

408 2048 506 2124 moda
517 2045 622 2119 dubit
638 2063 695 2156 au¹t
708 2031 871 2128 litigioso,
891 2033 1059 2150 adeoque,
1083 2031 1195 2105 ubilis
1212 2031 1303 2104 nulla
1319 2029 1383 2115 est,
1412 2033 1455 2106 de
1468 2059 1507 2105 re
1524 2032 1638 2109 saltem
1654 2042 1808 2141 alioquin·
1818 2047 1907 2123 liri·.

409 2145 459 2221 sla
471 2151 558 2244 Jure
572 2139 721 2214 indebita
736 2137 893 2208 duntaxat
908 2156 986 2202 mtrt
1004 2129 1136 2202 debere.
1186 2134 1279 2202 Tota
1301 2155 1390 2203 cette
1407 2135 1491 2204 ratio
1511 2132 1749 2227 preservande
1763 2150 1893 2222 Trana·-

360 2269 366 2286 ·
410 2243 546 2320 astionis
560 2265 601 2314 en
616 2232 700 2318 suit,
726 2230 816 2332 quod
835 2232 945 2301 Status
960 2229 1124 2301 Catholici
1141 2228 1233 2299 nulla
1246 2224 1430 2301 neceffitate
1452 2228 1597 2303 adilrisii
1619 2232 1682 2306 else
1703 2241 1827 2315 vellent
1848 2233 1889 2319 ad

409 2338 617 2418 tolerandum
639 2333 723 2421 illud
747 2325 956 2402 subditorum
978 2351 996 2396 a
1020 2323 1053 2398 se
1073 2322 1330 2397 dissentientium
1354 2329 1567 2409 exercitium,
1604 2334 1695 2428 quod
1716 2339 1757 2407 ab
1779 2341 1889 2417 alieno

409 2441 554 2516 Domitio
569 2430 649 2536 ipsis
658 2427 772 2514 ¹insciis
789 2423 927 2498 antehac
944 2418 1052 2496 fuisset
1065 2417 1270 2522 permissum.
1317 2425 1412 2494 Male
1427 2421 1581 2517 profesto
1601 2432 1719 2505 exinde
1733 2434 1791 2506 sibi
1811 2464 1895 2515 cun·

361 2581 362 2590 ,
410 2531 594 2617 suluiffent,
614 2529 638 2604 fi
655 2518 943 2603 inTronsaslione
953 2521 1107 2619 publica,
1125 2518 1197 2613 five
1212 2518 1283 2616 ipso
1295 2522 1377 2594 Pace
1391 2519 1615 2616 Weslphalica
1635 2530 1723 2600 inter
1744 2531 1892 2612 summos

410 2629 695 2734 emp-eisetuna
715 2625 797 2698 inite
810 2646 829 2694 a
844 2617 1054 2693 Constatibus
1075 2624 1200 2711 Legem
1220 2616 1386 2713 quandam
1409 2617 1451 2688 de
1471 2619 1693 2716 relinquendo
1712 2631 1892 2711 necessario

361 2749 362 2770 ²
409 2731 628 2812 discutientis
641 2721 826 2816 Religionis
843 2720 1002 2791 exercitio
1020 2714 1080 2788 sibi
1096 2717 1227 2811 imponi
1245 2710 1455 2796 recusassent,
1483 2715 1516 2789 dt
1540 2721 1679 2792 eandem
1701 2745 1813 2799 tamen
1830 2737 1897 2807 Le-¹
1997 2709 2002 2722 ¹

409 2834 532 2930 getnin
544 2820 791 2901 Transallione
809 2818 939 2913 private
953 2839 1031 2890 cum
1045 2817 1194 2912 propriis
1212 2811 1350 2884 subditis
1364 2811 1429 2885 suis
1446 2815 1637 2910 pangenda,
1669 2845 1745 2892 cum
1767 2828 1890 2922 majori
1976 2905 1979 2910 ¹
2096 2871 2099 2876 ,

409 2926 663 3030 Superioritatis
681 2917 744 2994 suae
757 2915 938 3001 indecoro,
963 2914 1141 2985 admittere
1153 2905 1336 2983 voluissent.
1385 2909 1478 2982 Alias
1519 2935 1654 2985 reterea
1669 2941 1782 2992 contra
1798 2950 1894 3021 aper.

410 3025 703 3108 tensummutum
724 3010 1047 3111 Compaciscentium
1067 3032 1216 3083 mentem
1236 3003 1448 3106 sequeretur,
1486 2935 1733 3088 sicorabiliuris
1755 3028 1894 3103 omnino
2033 2993 2040 3012 .

363 3195 367 3202 ¹
408 3124 614 3206 auditionis
629 3113 786 3191 dicendos
798 3105 861 3183 esse
877 3107 1024 3182 subditos
1039 3107 1207 3205 quondam
1220 3111 1480 3203 oppignoratae,
1506 3132 1607 3201 quam
1630 3112 1713 3187 alios
1727 3129 1892 3212 quoscun-

456 3215 686 3324 eposseslione
700 3215 788 3285 Anni
802 3213 929 3281 Norm.
947 3230 1055 3290 tutos,
1086 3208 1144 3304 qui
1169 3203 1276 3275 solum
1297 3206 1466 3299 privatum
1491 3205 1676 3296 Religionis
1698 3221 1893 3298 exercitium

427 3325 470 3400 ult
484 3318 633 3422 proprio
647 3312 794 3385 Domino
806 3304 1025 3378 Territutiali
1039 3327 1111 3376 tum
1126 3302 1333 3384 habueruut,
1359 3325 1476 3396 utpote
1497 3304 1617 3397 quibus
1636 3311 1703 3378 Lex
1722 3313 1792 3407 ipsa
1809 3321 1896 3414 pub.

412 3421 514 3496 licum
532 3413 701 3507 indulgeri
716 3406 837 3479 debere
854 3403 942 3476 haud
963 3406 1125 3498 imperat,
1153 3399 1281 3480 sedeo,
1313 3398 1403 3493 quod
1426 3397 1633 3484 habuerunt,
1667 3405 1700 3478 dt
1725 3410 1898 3498 possessum

415 3545 436 3596 e
451 3517 485 3594 se
501 3510 602 3590 fuisse
616 3506 761 3610 probate
776 3524 953 3601 poterunt,
978 3522 1151 3573 contentos
1165 3493 1228 3569 esse
1240 3495 1351 3591 jubet,
1378 3497 1478 3579 odeo,
1504 3521 1540 3569 ut
1554 3502 1619 3571 hoc
1632 3503 1769 3580 obtento
1786 3510 1898 3591 secun.

417 3617 496 3692 dum
510 3615 604 3687 Pacis
622 3601 805 3702 Wellphal.
823 3597 1023 3671 sanstionem
1040 3623 1099 3669 nec
1116 3598 1256 3667 invitum
1277 3597 1462 3666 Dominum
1485 3593 1637 3669 deserere
1657 3627 1798 3698 queant,
1837 3641 1900 3693 nec

440 3739 478 3788 us
489 3711 662 3812 quoddam
677 3696 883 3813 aggendi¹ad
900 3695 1027 3796 publici
1048 3692 1315 3768 consecutionem
1339 3691 1497 3776 babeant,
1556 3719 1600 3766 uo
1624 3719 1769 3799 utruque
1788 3731 1899 3787 tamen
2046 3782 2049 3786 ,

419 3719 501 3984 ism
513 3805 731 3906 oppignorati
746 3794 886 3879 subditi,
911 3793 1054 3968 publico
1077 3791 1246 3891 quondam
1266 3788 1388 3886 ganist,
1420 3719 1577 3868 adversis
1597 3797 1783 3878 Dominum
1804 3804 1921 3889 suum,

458 3906 683 3986 unitorialem
696 3893 913 4022 insultttepo
940 3915 1007 3971 tut.

1066 4093 1100 4182 S·
1142 4083 1268 4167 vttt.

538 4245 594 4316 Aa
610 4259 693 4314 vero
710 4230 752 4306 ad
770 4252 848 4314 eos,
874 4224 933 4325 qui
948 4231 1046 4300 Anno
1062 4223 1477 4325 Mucxx1v.printun
1493 4243 1621 4305 tantum
1643 4225 1791 4314 debuere
1809 4263 1907 4321 eret.
2033 4233 2043 4242 '

426 4343 559 4427 citium,
589 4336 710 4415 eudem
736 4327 840 4405 modo
863 4324 934 4402 hec
956 4323 1159 4403 Transallio
1179 4325 1372 4427 pertinenti
1404 4325 1568 4428 disputati
1593 4331 1630 4417 in
1659 4332 1786 4434 duplici
1810 4339 1905 4421 sensu
2003 4331 2019 4422 ·¹

430 4437 551 4542 Μὴ
1207 4513 1278 4594 nd
1305 4549 1322 4619 3
1829 4562 1907 4620 tnta.

467 4638 504 4725 i)
526 4623 706 4714 conscap.
721 4617 748 4693 l.
766 4621 793 4712 s.
806 4613 865 4695 VI.
881 4611 954 4694 Vll.
967 4607 1001 4685 dt
1013 4605 1088 4687 xli.
1233 4693 1236 4698 ¹

603 4729 688 4804 Atii.
705 4727 849 4800 unna.
870 4725 904 4797 P.
920 4721 974 4795 W.
992 4725 1062 4795 Art.
1077 4721 1119 4796 V,
1136 4717 1170 4805 ἓ.
1183 4726 1311 4795 xitius,
1467 4723 1472 4736 '
