4950 5567
514 685 586 774 322
959 643 1538 732 ntsssnuntto

449 849 452 854 ’
514 837 736 920 emulationis
752 859 829 911 teos
843 855 1002 929 aeguum,
1022 833 1102 906 dum
1120 832 1211 928 quud
1234 826 1328 903 suum
1349 829 1412 917 esi,
1438 854 1606 916 tenentes,
1630 828 1965 914 &indiminumnatt

515 950 677 1021 sinentes,
701 934 791 1034 quud
807 935 974 1006 Dominus
986 935 1021 1004 in
1038 932 1096 1002 suo
1111 927 1209 1011 facit',
1234 926 1403 1004 destruere
1425 929 1505 1003 ausu
1525 936 1704 1005 temerario
1730 939 1965 1021 consumma

516 1059 685 1114 memores
701 1031 871 1114 videlicet,
896 1056 935 1104 ea
950 1028 1036 1127 ipsa,
1061 1053 1136 1125 quae
1152 1037 1240 1097 nune
1254 1024 1396 1108 habent,
1421 1051 1460 1099 er
1478 1027 1548 1100 solu
1562 1032 1714 1101 Statuam
1732 1035 1827 1126 juxta
1842 1035 1965 1128 superii

508 1134 607 1208 -disla
631 1127 793 1203 beneficio
815 1126 977 1208 obtineri,
1002 1129 1111 1222 iisque
1126 1128 1160 1194 in
1174 1124 1318 1220 acceptis
1338 1123 1465 1198 deberi.
1515 1126 1617 1197 Unde
1635 1124 1655 1197 st
1674 1127 1715 1198 de
1733 1127 1851 1204 debito
1865 1132 1900 1206 dt
1913 1135 1965 1230 Jur

516 1229 631 1306 siritio
648 1224 828 1308 sermolit,
853 1225 936 1297 nihil
952 1221 1018 1306 esl,
1042 1222 1132 1319 quod
1151 1217 1290 1292 subditis
1313 1218 1427 1304 suum,
1452 1224 1501 1294 uti
1524 1219 1741 1319 supponitur,
1765 1229 1965 1304 retinentibu

517 1325 673 1403 adversus
689 1327 871 1395 Dominum
887 1344 1023 1395 eatenus
1038 1321 1137 1392 etiam
1150 1313 1376 1410 suffragetur:
1399 1324 1526 1415 Neque
1540 1325 1629 1392 enim
1650 1345 1688 1392 es
1707 1327 1906 1419 particulari
1921 1325 1965 1422 leq

519 1415 844 1515 Osnabrugcusbus,
867 1421 902 1490 in
917 1414 1119 1513 Episcopum
1136 1417 1260 1496 mitto,
1286 1414 1321 1486 dt
1342 1416 1480 1511 quidem
1497 1418 1697 1491 alternative
1716 1416 1884 1518 subjeslo,
1909 1425 1965 1496 cira

518 1517 740 1622 pruceffiuucs
762 1539 919 1614 tanquam
941 1537 1071 1613 partem
1095 1511 1260 1609 quandam
1283 1515 1439 1586 Exercitii
1456 1513 1636 1586 catholica
1656 1517 1842 1610 Religionis
1859 1519 1965 1617 publia

520 1646 589 1694 uon
607 1618 694 1691 ultra
713 1611 953 1687 observantiam
974 1613 1051 1684 anni
1065 1608 1243 1682 Nortnalis
1255 1610 1475 1684 extendendas
1494 1608 1640 1708 expresse
1656 1638 1815 1687 conventa
1833 1617 1965 1690 unitetst

447 1703 452 1714 ¹
521 1719 564 1791 lis
578 1715 729 1813 quedam
751 1709 955 1807 prohibitio,
979 1730 1036 1780 aut
1059 1706 1100 1780 ab
1114 1708 1214 1778 unico
1235 1705 1311 1778 sslu
1326 1707 1366 1779 ad
1390 1731 1497 1781 totum
1515 1709 1725 1805 complexum
1738 1715 1879 1808 -Jurium
1898 1717 1965 1786 Ea

523 1811 748 1910 aitiopublico
756 1805 940 1900 Religionis
949 1828 1171 1889 annexorum,
1189 1802 1303 1874 autad
1319 1805 1402 1877 hanc
1416 1807 1515 1878 etiarn
1531 1809 1661 1878 unicam
1677 1805 1747 1897 ejus
1763 1833 1916 1906 partem,
1938 1835 1965 1884 rt

366 1937 369 1944 '
523 1909 640 2005 speslu
663 1907 807 1980 aliorum
823 1903 1083 2001 Episcopatuum
1109 1925 1175 1971 non
1201 1902 1401 1983 mixtorum,
1428 1925 1661 1995 argumentum
1688 1902 1806 1976 inserti
1833 1912 1964 1981 conveni

524 2007 688 2105 Quamvis
707 2007 795 2074 eninr
811 2002 880 2071 hec
896 2000 1051 2070 Exercitii
1067 1996 1231 2070 Catholici
1251 1996 1376 2093 publici
1396 2024 1491 2094 pars,
1515 2023 1590 2072 utut
1605 1999 1739 2073 diversa
1755 2004 1965 2098 Religioniad

524 2106 559 2176 dt
587 2126 647 2201 per
674 2097 706 2172 se
731 2101 922 2190 neutiquam
947 2092 1129 2173 turbativa,
1154 2092 1340 2166 delicatiori
1365 2098 1669 2188 Religionariorum
1695 2097 1965 2194 osnabrugensiut

524 2199 631 2274 indoli
642 2197 672 2269 dt
683 2197 780 2289 genio
796 2190 966 2263 molestior
980 2215 1037 2262 aut
1052 2187 1208 2264 infensor
1223 2190 1402 2287 aliquanda
1417 2193 1591 2275 acciderit,
1607 2217 1664 2265 aut
1678 2205 1892 2293 apparuerit,
1908 2199 1965 2272 idea

526 2321 593 2395 que
616 2299 649 2372 in
669 2312 854 2364 memorato
871 2285 1073 2455 Episcopatu
1097 2285 1141 2360 ob
1161 2283 1319 2384 speciales
1336 2287 1486 2386 ejusdem
1503 2290 1759 2364 circumstantias
1777 2321 1841 2390 per
1858 2293 1965 2393 special

526 2384 824 2566 ιιιιιιι
845 2385 1843 2578 ai,uu:lu{salustius},sistus
1872 2397 1965 2563 ιι

527 2596 582 2662 tie
598 2583 761 2658 Catholici
784 2577 914 2676 ipsimet
930 2605 995 2650 non
1017 2578 1178 2657 abnuent,
1204 2600 1268 2672 pto
1293 2580 1393 2650 certis
1413 2579 1663 2653 circumstantiis
1684 2583 1724 2654 ad
1747 2516 1964 2660 salvandume

527 2675 920 2760 senrialedtsubslantisle
928 2677 1111 2765 Religionis
1127 2675 1340 2755 exercitium,
1369 2676 1401 2747 dt
1415 2699 1450 2748 ιιι
1465 2703 1530 2749 uua
1547 2702 1586 2750 ex
1602 2702 1697 2775 parte
1708 2687 1818 2755 omnis
1833 2679 1965 2758 ematosa.

528 2783 605 2856 vola
620 2778 830 2871 litigationis,
856 2774 992 2851 livoris,
1019 2769 1052 2841 dr
1072 2767 1293 2865 imprudentis
1304 2769 1382 2844 licet
1395 2775 1613 2847 emulationis
1627 2800 1664 2846 ac
1679 2779 1857 2877 zelotypioe
1872 2804 1965 2856 remo,

528 2866 1050 2975 quaqueuccssiusubtrahatur,
1070 2862 1226 2936 etaltera
1248 2887 1329 2938 vero
1375 2892 1444 2941 arte
1469 2870 1589 2943 subditi
1605 2873 1768 2948 Catholici
1795 2882 1936 2974 quietius
1958 2885 1965 2949 ι’

528 2971 740 3067 tranquillius
759 2989 834 3035 cum
850 2959 1107 3034 Proteslantibus
1130 2961 1320 3035 cohabitare
1345 2891 1507 3048 sinantur,
1533 2972 1688 3041 Dominis
1702 2974 1884 3046 catholici,
1898 2979 1966 3048 Em

528 3074 647 3144 eitiunt
666 3062 728 3136 sua
744 3061 928 3151 Religionis
943 3061 976 3129 in
993 3059 1064 3131 luca
1078 3084 1097 3130 a
1110 3080 1229 3152 magna
1251 3058 1458 3135 subditorum
1474 3062 1729 3140 dissentientium
1752 3070 1879 3168 alioqui
1898 3097 1965 3145 mor

531 3187 690 3262 gerotum
712 3157 925 3230 multitudine
943 3156 1125 3229 inhabitata
1146 3181 1261 3230 recens
1278 3160 1490 3234 introducere
1506 3164 1692 3235 volentibus
1708 3169 1886 3264 expedire,
1908 3193 1965 3266 quo

531 3269 567 3337 in
582 3255 835 3334 accidentalibus
857 3251 945 3327 hisce
961 3252 1045 3349 saepe
1063 3252 1258 3350 superfluis,
1283 3255 1435 3328 &nimia
1453 3256 1508 3330 sua
1529 3261 1741 3335 multitudine
1761 3269 1795 3336 in
1809 3266 1965 3339 diminutis

529 3350 1965 3556 lllllt,assiluimussti¹ltinstantissimusa

531 3579 633 3649 arque
647 3548 756 3622 debita
770 3571 845 3619 curn
862 3547 1046 3616 reverentia
1061 3544 1226 3642 supplices
1242 3545 1414 3632 ethibent,
1428 3575 1494 3622 nun
1511 3574 1619 3622 autem
1636 3552 1814 3630 diiiatures
1823 3557 1856 3631 se
1871 3583 1965 3652 geruu

533 3647 656 3727 otniffis
670 3648 786 3719 summi
800 3645 893 3741 Juris
909 3640 955 3712 sui
975 3641 1123 3738 apicibus
1138 3645 1279 3734 Regulos
1297 3647 1470 3738 prudentis
1487 3653 1678 3721 aeconomiae
1691 3657 1815 3746 tnagis,
1842 3656 1965 3753 quaml

534 3753 680 3848 gulercus
697 3748 823 3836 rigores
845 3740 1049 3811 attendentes
1072 3739 1229 3830 generosa
1246 3742 1387 3837 quadam
1408 3743 1605 3817 liberalitate
1623 3748 1797 3845 quidpiam
1820 3755 1965 3827 remim„

534 3851 570 3923 iu
586 3847 657 3918 aliis
674 3867 740 3915 tam
755 3840 920 3939 politicis,
942 3861 1042 3935 quant
1056 3835 1285 3912 Ecclesiasticis
1299 3844 1529 3938 promptiores
1545 3847 1646 3917 etiam
1660 3845 1737 3920 illus
1752 3852 1934 3950 experturi,

1212 4036 1242 4124 §-
1292 4031 1336 4109 L.

359 4203 530 4282 Conclusio
655 4175 702 4244 Ex
717 4165 805 4240 hisce
819 4164 973 4237 omnibus
988 4165 1091 4260 igitur
1104 4162 1284 4262 planiffima
1300 4163 1455 4264 consequi
1471 4167 1604 4243 videtur
1617 4169 1791 4255 conclusio,
1808 4199 1965 4270 argumctr

360 4271 432 4365 cum
448 4310 518 4354 mo·
541 4301 579 4348 et·
594 4269 699 4344 Psilis
710 4263 964 4338 lliltlesrcnsbus
981 4262 1138 4335 hatlcnus
1150 4264 1349 4360 deprompta
1361 4287 1428 4335 tam
1443 4291 1558 4362 aperte
1572 4295 1739 4341 commum
1750 4274 1963 4349 Catholicoru

358 4379 441 4444 desta
454 4392 519 4435 mu·
541 4367 749 4445 Duslurum,
774 4365 806 4435 ἃ
828 4364 1008 4454 acceptiori
1026 4363 1192 4457 quondam
1208 4365 1294 4431 inter
1310 4358 1468 4457 ipsosmet
1482 4364 1699 4438 Protesiantcs
1713 4368 1886 4444 Doslrinae
1900 4373 1940 4446 de
1957 4379 1965 4442 i

359 4467 515 4529 xlffl‘um
531 4465 752 4544 trodusliune
776 4465 820 4532 ita
842 4455 920 4528 disis
937 4460 1128 4530 Simultanei
1151 4459 1274 4528 innoxii
1296 4455 1486 4552 suffragari,
1511 4484 1550 4534 ut
1571 4490 1609 4534 ex
1633 4464 1754 4535 hurum
1775 4464 1923 4542 solorum
1936 4493 1965 4541 ta

359 4539 511 4643 ilsessuh‘
542 4563 777 4641 confessionis,
805 4581 904 4653 quarn
929 4554 1116 4626 abolitionis
1135 4553 1282 4627 Hisloria
1297 4557 1352 4628 ills
1366 4559 1477 4652 potius
1498 4557 1714 4632 demonstrari
1730 4561 1819 4659 posse
1833 4568 1965 4639 videam

358 4643 441 4776 iiiii
454 4620 522 4765 sii·
544 4689 613 4742 ¹²¹¹¹
633 4659 766 4737 infirma
788 4665 826 4739 ιι
845 4649 981 4732 adverso
1002 4649 1093 4743 suut,
1117 4677 1189 4753 quae
1213 4675 1330 4732 contra
1350 4656 1490 4737 caudent
1508 4643 1588 4740 iude
1603 4663 1796 4759 extorqueri
1816 4664 1965 4844 volueapp
