4950 5567
588 567 698 712 236'
730 597 1071 686 ntssnnrarto
1092 595 1199 694 Jna.
1223 591 1384 670 erun.
1403 585 1716 698 accuratam.
1737 585 1941 666 tuamet

588 787 706 870 nibus,
735 812 808 884 quae
826 785 964 854 durante
988 779 1076 852 bello
1092 779 1143 850 vel
1168 776 1292 873 absque
1313 779 1438 872 praevia
1459 770 1560 844 causae
1577 770 1786 860 cognitione,
1824 769 1877 843 vel
1901 769 1991 848 sorte
2012 801 2080 852 non

588 879 900 967 numerata,'failae
916 875 1060 959 fuerint,
1093 873 1201 948 slatim
1224 875 1257 946 sit
1281 875 1430 971 plenarie
1452 871 1662 943 restituendis
1685 871 1873 943 luculenter
1896 871 2078 950 admodum

589 981 821 1058 confirmatur.
873 977 958 1050 Cum
978 999 1112 1047 econtra
1127 975 1168 1046 de
1185 971 1438 1052 reluinon'tbna,
1463 994 1537 1067 que
1559 969 1700 1038 durante
1722 967 1860 1064 quidem
1883 969 1975 1050 bello
1999 972 2080 1064 legi.

588 1083 692 1163 time,
725 1079 807 1152 Μ.
830 1098 897 1147 tarn
916 1075 1037 1168 previa
1058 1069 1161 1144 cause
1181 1073 1389 1164 cognitione,
1429 1091 1529 1163 qnam
1555 1088 1728 1136 numerata
1748 1063 1853 1148 sorte,
1892 1063 1991 1140 failae
2009 1066 2076 1146 fue.

557 1167 686 1259 ‘runt,
709 1174 834 1248 eaedem
848 1172 899 1244 vel
917 1169 974 1243 sub
989 1169 1136 1266 generali
1154 1169 1270 1261 regula
1292 1165 1507 1239 restitutionis
1525 1161 1668 1243 reliilae,
1696 1165 1745 1234 vul
1764 1161 1879 1234 saltem
1895 1161 2071 1244 secundum

588 1273 777 1364 analogiam
790 1278 863 1342 Art.
882 1273 942 1340 lv.
958 1272 986 1358 §.
1002 1288 1078 1340 xxt
1092 1290 1100 1338 ι
1114 1287 1137 1338 1.
1155 1267 1189 1338 u
1206 1285 1327 1338 xntx.
1345 1265 1386 1334 ad
1400 1261 1583 1334 amicabilis
1597 1257 1865 1356 compostionis,
1892 1262 2068 1350 revifiooit,

584 1369 831 1466 'summariique
845 1368 938 1464 Juris
954 1361 1121 1461 procellos
1135 1367 1204 1435 vias
1222 1361 1404 1434 amandata
1420 1356 1516 1434 soille
1529 1357 1696 1442 ridentur,
1713 1383 1814 1456 quam
1828 1361 1864 1431 in
1876 1365 2069 1440 remHatt.

589 1487 639 1542 ru
650 1487 775 1542 casu
794 1460 879 1563 saepe
893 1463 1019 1537 laudati
1034 1463 1217 1542 authoritas
1233 1461 1394 1555 allegatur
1417 1461 1466 1554 b).

1136 1657 1139 1662 ·
1254 1655 1288 1758 a.
1338 1655 1416 1730 nt.

708 1795 832 1867 Tertio
847 1791 1103 1892 prefiguratur,
1129 1789 1269 1864 subditis
1292 1792 1384 1874 hisce
1399 1789 1633 1886 oppignoratis
1652 1789 1741 1863 Anni
1758 1781 1938 1866 Normaiir
1960 1791 2069 1890 polles·

588 1877 679 1968 sione
693 1890 751 1964 sub
769 1889 944 1988 possessore
960 1892 1111 1989 pignoris
1125 1913 1219 1960 antea
1234 1887 1366 1982 ganists,
1384 1887 1565 1986 postquam
1587 1912 1672 1960 nexu
1697 1892 1847 1982 pignoris
1871 1889 2000 1972 soluto,
2032 1891 2069 1964 etl

588 1991 776 2064 naturalem
794 1992 979 2062 Dominum
995 1989 1087 2060 suum
1109 1984 1229 2059 reversi
1248 1984 1396 2072 fuerint,
1421 1987 1616 2058 exercitium
1635 1989 1735 2056 etiam
1754 1987 1928 2083 publicum
1951 1989 2070 2062 deberi.

587 2095 704 2182 Atque
718 2087 752 2156 id
768 2087 904 2174 quidem
920 2086 976 2156 alii
994 2109 1069 2157 cum
1089 2089 1249 2157 Dncxfl
1260 2103 1380 2154 xxxo
1400 2087 1433 2170 a)
1454 2109 1492 2152 ex
1508 2080 1578 2176 ipsa
1593 2079 1784 2177 possessione
1797 2093 1887 2156 Anni
1898 2090 2070 2160 Normalit

589 2209 686 2279 reque
700 2183 941 2258 dimetiendum
957 2182 1090 2263 volunt,
1115 2205 1233 2279 utpote
1257 2184 1350 2275 eujus
1365 2179 1563 2252 beneficium
1585 2179 1636 2249 hit
1660 2203 1722 2275 per
1740 2182 1930 2273 generalem
1948 2206 2072 2260 tantum

587 2283 795 2354 locutionem
812 2278 1020 2350 subditotum
1043 2277 1101 2349 sub
1121 2283 1229 2375 priori
1249 2281 1399 2351 Domino
1417 2275 1581 2349 diversam
1601 2276 1829 2370 Religionem,
1863 2283 1918 2353 cui
1941 2285 2071 2354 reluenx

588 2403 657 2450 non
671 2376 723 2448 esi
740 2375 909 2458 audinus,
948 2375 1179 2472 amplexurum
1203 2402 1269 2448 non
1291 2371 1555 2474 comprehensis,
1593 2400 1659 2444 non
1683 2375 1883 2468 denegatum
1906 2374 2013 2452 fuerit
2030 2381 2072 2452 ob

588 2470 739 2548 omissam
756 2471 950 2570 specialem,
976 2498 1050 2572 quae
1065 2470 1242 2546 necell'aria
1256 2471 1351 2546 fuisse
1365 2478 1406 2546 iis
1421 2472 1570 2552 videtur,
1590 2496 1708 2543 eorum
1722 2469 1972 2567 exprellionem.
2005 2478 2072 2552 Alii

588 2595 768 2645 verorum
788 2574 1102 2664 Bourtntnnob)
1125 2571 1202 2643 licet
1218 2597 1285 2642 non
1299 2572 1440 2657 eodem,
1473 2594 1541 2666 quo
1562 2569 1644 2640 illud
1668 2568 1787 2656 subditi
1813 2571 1981 2666 ejusmodi
2002 2573 2073 2672 pol·

590 2667 766 2752 sederunt,
799 2668 901 2740 modo
916 2667 1031 2740 deberi
1046 2665 1201 2748 asserant,
1227 2693 1294 2739 non
1317 2674 1448 2763 penitus
1464 2691 1573 2738 tamen
1597 2667 1752 2758 denegari
1777 2666 1867 2763 polle
1890 2695 2071 2760 autument,

590 2757 676 2842 adeo
693 2789 730 2840 ut
744 2763 957 2841 tranaasiioni
972 2789 1039 2837 non
1055 2765 1126 2860 ejus
1141 2761 1334 2850 substantia,
1355 2765 1411 2837 sed
1427 2765 1547 2842 modus
1563 2763 1717 2838 duntaxat
1730 2760 1846 2862 subjici
1860 2771 2023 2852 voluerit.

1269 2963 1300 3054 t.
1346 2959 1423 3037 ιν.

708 3090 874 3183 Arguitur
891 3113 996 3188 porro
1013 3090 1054 3166 de
1073 3093 1205 3192 privato
1225 3090 1337 3168 saltem
1355 3095 1513 3169 exercitio
1531 3093 1710 3191 nequidem
1733 3096 1872 3172 dubium
1894 3099 2069 3202 superesse,

589 3189 673 3286 quin
686 3185 863 3272 debeatur;
890 3213 964 3260 cum
980 3189 1138 3288 expressio
1156 3191 1280 3286 publici
1296 3192 1414 3273 soiius,
1440 3193 1482 3263 de
1498 3217 1565 3289 qno
1582 3192 1761 3266 transnato
1777 3195 2015 3292 praeservatur,
2030 3227 2070 3278 eo

513 3305 518 3310 '
588 3283 663 3382 ipso
686 3289 853 3382 privatum
878 3285 936 3358 sub
959 3288 1106 3378 generali
1128 3288 1339 3386 dispositione
1366 3291 1448 3383 legis
1472 3291 1504 3361 ἃ
1524 3288 1707 3363 occellitate
1729 3296 1884 3368 teliiium
1910 3295 2006 3374 fuiile
2025 3305 2071 3374 in·

591 3386 722 3478 digitct.
772 3391 887 3479 Atque
910 3408 952 3457 eo
966 3387 1127 3460 inclinare
1149 3389 1283 3462 videtur
1305 3393 1645 3462 Hunxxcnstus
1662 3389 1723 3480 a),
1757 3417 1902 3490 quocum
1922 3421 2073 3472 commu·

2022 3521 2073 3570 ma

629 3645 667 3734 b)
684 3645 821 3816 lilioli
834 3649 958 3818 asplqlnst.
972 3647 1005 3722 P.
1016 3647 1071 3721 W.
1087 3653 1157 3722 Art.
1173 3650 1213 3725 V.
1227 3659 1256 3738 §.
1269 3655 1350 3742 saepe
1365 3656 1420 3726 cit.
1461 3655 1583 3738 Quodsi
1594 3657 1677 3726 bona
1690 3657 1849 3741 aJuemodi
1862 3662 1912 3730 lit.
1928 3663 1985 3748 (el)
1998 3686 2072 3751 pag.

629 3847 668 3927 a)
693 3846 729 3910 ln
742 3847 898 3915 Vindiciir
912 3852 981 3918 Pac.
994 3849 1095 3936 Relig.
1111 3846 1176 3922 Tit.
1189 3855 1343 3926 XXVIII.
1358 3857 1391 3940 ὃ.
1403 3853 1504 3926 XLV.

625 3961 664 4045 b)
688 3964 724 4026 ln
742 3965 864 4032 Disiett.
883 3971 1014 4051 ptaelim.
1029 3971 1122 4038 Tom.
1141 3975 1361 4052 11.Jur.Ecc1.
1382 3979 1467 4050 Prot.
1485 3983 1525 4045 de
1541 3977 1615 4054 lure
1634 3977 2072 4052 citcaLibert.Consc1entiae

704 4047 738 4127 S.
757 4047 904 4117 anlll.
921 4074 991 4134 pag.
1007 4073 1057 4135 42.
1073 4056 1105 4118 ἂ
1119 4077 1170 4139 43.

629 4163 669 4245 a)
690 4164 797 4229 lledit.
813 4169 849 4229 ad
867 4168 952 4232 instr.
969 4171 1037 4236 l‘ac.
1054 4174 1121 4239 Art.
1136 4173 1178 4242 V.
1194 4179 1222 4258 §.
1236 4191 1361 4244 xxvn.
1376 4195 1447 4263 pag.
1463 4195 1535 4263 333.
1551 4179 1613 4247 Lit.
1628 4181 1678 4246 bb.
1693 4182 1860 4264 septinnio
1874 4201 1936 4246 nan
1951 4191 2073 4248 conten·

703 4253 792 4311 tntdo
806 4250 928 4333 lic'png.
942 4273 1012 4336 337.
1027 4255 1089 4321 Lit.
1107 4277 1161 4338 gg.

725 4369 1064 4515 fiditthoiauttn‘pltcnntpn'pise
1076 4371 1209 4519 plinii
1222 4375 1399 4490 Religionis
1411 4377 1571 4525 pxptpipio
1584 4377 1628 4443 est
1642 4379 1889 4525 itanfidgentlnm,
1902 4385 1996 4528 (patio
2010 4403 2073 4486 po:

700 4485 899 4612 :snaqnelmn
924 4554 987 4594 nott
1004 4495 1121 4613 regin.
1144 4477 1453 4626 'duinineliemplltltlii
1470 4475 1610 4608 tiellitlli
1628 4483 1688 4608 liii
1706 4485 1901 4610 itititl'iiliil
1920 4489 1984 4630 lilii·
1992 4489 2073 4614 affl:

701 4612 871 4706 „subditim
896 4621 947 4692 qni
965 4635 1065 4696 nequo
1079 4619 1254 4698 publicum,
1276 4619 1379 4708 tieqoe
1392 4630 1550 4710 ptivatnm
1570 4629 1757 4690 exercitium
1777 4631 1956 4716 Religionis
1969 4635 2071 4697 Annu

697 4693 932 4769 „nlncxxin
947 4697 1100 4782 habuere,
1122 4699 1181 4772 Hir
1194 4709 1278 4776 enim
1291 4711 1436 4796 imperati
1447 4711 1551 4798 potest
1559 4747 1570 4792 ,
1591 4721 1626 4778 ut
1640 4710 1806 4795 emigrant.
