4950 5567
496 492 566 570 150
660 411 673 430 ⁵
780 456 1187 556 otssrnrnrto
1237 455 1405 554 Junts
1455 398 1696 574 ruontci·

668 639 707 708 Id
722 643 810 727 qnod
829 638 1021 728 potiffirnum
1035 635 1285 708 commonstrant
1297 635 1456 723 Exempla
1474 634 1581 703 saeculi
1602 655 1653 720 13.
1673 633 1709 706 δι
1730 652 1782 721 14.

664 760 760 827 Cous.
781 759 992 825 Srrtnucrr
1014 755 1050 824 L.
1072 779 1100 825 c.
1121 758 1221 842 §.ep

587 865 589 870 ¹
665 878 697 943 A
707 897 856 943 ucron
870 878 1022 945 Aeaeum
1036 876 1169 944 Lindon.
1190 897 1221 960 p.
1233 886 1306 959 485.
1328 892 1401 958 491.
1422 873 1484 957 seq.

521 1077 524 1083 Ι
612 994 1159 1143 aivnrthsws'mamibm
1175 991 1605 1079 TreuirenfismadA.1321.
1661 987 1771 1056 Ater.
1792 984 1993 1054 M'Arnnt

634 1096 650 1146 e
701 1100 769 1144 oc.
820 1095 872 1145 .2.
920 1095 1024 1143 .1.·

460 1263 468 1274 ,
567 1281 570 1286 Ι
665 1192 876 1264 Scnsrrrt
895 1199 930 1264 in
949 1195 1068 1263 Annas
1084 1185 1958 1279 Fanniam.adA.1350.1355.1366.1377.1391.

1160 1415 1193 1507 i.
1242 1433 1300 1489 ιι.

614 1575 747 1676 Qtibus
762 1578 1008 1681 praesuppositis
1022 1580 1062 1655 sd
1078 1579 1305 1678 Qtaessionetn
1321 1575 1544 1678 propositam,
1568 1573 1651 1676 quid
1667 1574 1760 1673 Juris
1774 1573 1935 1650 Creditur
1949 1573 1987 1648 in

494 1670 592 1746 Pane
608 1679 793 1750 Tetritorii
808 1693 1033 1779 oppignorata
1048 1686 1140 1780 Juris
1158 1680 1303 1751 habeat?
1327 1677 1522 1775 responderi
1541 1676 1687 1773 poterit;
1715 1673 1843 1767 Regula
1857 1669 1984 1747 scilicet

495 1772 644 1859 generali
659 1775 695 1845 id
711 1776 900 1851 nullatenus
918 1778 1050 1851 definiri
1066 1777 1155 1876 posse
1169 1779 1290 1858 credo,
1308 1774 1363 1848 sed
1378 1768 1832 1872 ptoDiterfitatePasiorum
1845 1766 1990 1870 expreso,

493 1862 607 1939 sotum
622 1872 673 1942 rel
689 1878 866 1947 tacitorum
883 1879 1011 1948 variant
1025 1876 1211 1948 creditoris
1227 1880 1328 1972 Juto,
1354 1871 1376 1944 fi
1394 1873 1484 1945 enim
1502 1873 1580 1958 huic
1600 1868 1737 1968 fimpiex
1757 1887 1889 1940 tantum
1905 1873 1984 1965 Hy·

490 1965 638 2059 potheca
658 1966 842 2043 securitatis
862 1976 980 2046 Gratia
999 1971 1065 2046 sine
1084 1974 1314 2044 Extraditione
1335 1973 1397 2043 Rei
1416 1972 1647 2067 oppignoratae
1666 1961 1842 2039 constituta
1864 1959 1984 2050 fuerit,

522 2086 620 2134 taeter
636 2066 762 2138 nudunt
778 2074 841 2165 Jus
859 2074 893 2141 in
912 2096 949 2143 re
964 2073 999 2142 in
1011 2073 1153 2168 pignore
1167 2069 1403 2164 consequitur,
1428 2067 1517 2138 unde
1539 2066 1679 2138 Reditus
1697 2065 1850 2160 percepti
1864 2063 1920 2137 uel
1935 2059 1983 2136 es·

493 2085 608 2251 ignati
629 2158 806 2237 secundnm
826 2170 1018 2240 rommunia
1040 2174 1123 2267 Jura
1146 2171 1182 2240 in
1204 2166 1329 2239 sortem
1352 2166 1402 2237 vei
1423 2164 1551 2236 Usuras
1572 2160 1787 2330 complutendi
1808 2183 1928 2247 etunt;
1954 2160 1981 2236 fi

440 2299 444 2304 -
494 2267 578 2327 vero
598 2262 783 2334 Territotii
807 2264 911 2336 Casiri
932 2265 985 2337 vei
1007 2271 1063 2361 Op
1091 2266 1137 2338 idi
1157 2267 1372 2363 oppignorati
1399 2261 1584 2334 Ertruditio
1610 2255 1644 2332 fa
1680 2255 1980 2344 cest-Creditori,

495 2353 629 2521 plenius
647 2358 724 2430 huic
737 2366 800 2457 Jus
819 2361 1003 2436 concessum
1019 2389 1036 2436 e
1064 2389 1135 2436 eex
1154 2365 1222 2459 ipsa
1241 2364 1382 2453 Negotii
1398 2360 1514 2432 lndoic
1533 2381 1642 2456 patet,
1668 2379 1830 2452 quantutn
1843 2380 1927 2430 vero
1942 2356 1980 2428 il·

509 2451 554 2521 ud
570 2450 608 2524 fit
622 2453 656 2524 ἐ
683 2480 722 2527 tn
740 2463 890 2533 omniunt
906 2461 1218 2534 Emolumentnrutn
1236 2484 1273 2531 uc
1294 2461 1489 2531 Utilitatum
1508 2456 1684 2553 Perceptio
1697 2455 1772 2527 loco
1787 2451 1979 2528 Usurerum
2010 2509 2017 2522 .

497 2544 564 2619 sine
586 2548 800 2646 obligatione
825 2558 986 2630 reddendi
1009 2563 1165 2630 Rationes
1189 2552 1335 2627 concesso
1361 2552 1550 2627 ἷιιετὶιῖΗ
1575 2578 1616 2624 an
1637 2576 1720 2625 veto
1742 2554 1843 2624 etiarn
1866 2549 1980 2649 ipsum

494 2648 694 2721 Dominiutn
712 2654 976 2725 interimisticunt
994 2656 1188 2727 translatum
1203 2649 1329 2725 fuerit?
1350 2678 1391 2724 an
1406 2649 1604 2751 Jurisdisiio
1618 2647 1758 2722 saltem?
1769 2655 1828 2700 “¹⁴
1841 2674 1884 2720 an
1897 2671 1981 2722 vero

496 2741 593 2817 simui
614 2744 827 2840 superioritus
851 2751 1085 2821 Territorialis
1108 2754 1142 2821 in
1157 2747 1216 2821 suo
1230 2749 1370 2821 Ambitu
1385 2775 1461 2822 cum
1480 2746 1634 2821 omnibus
1650 2745 1828 2840 Regtlibus
1850 2743 1910 2819 sub
1926 2747 1981 2820 Pi·

496 2844 611 2932 gnoris
629 2848 730 2914 Nexu
753 2848 909 2918 translata
924 2845 984 2918 fit?
999 2847 1067 2869 ”⁹⁰
1093 2872 1131 2920 ex
1147 2850 1479 2946 Oppignorationum
1493 2845 1663 2917 Formulis
1685 2869 1722 2916 ac
1738 2839 1909 2916 verisimili
1923 2869 1981 2942 pe·

359 3018 361 3024 ¹
495 2935 687 3007 ciscentium
709 2945 897 3017 intentione
918 2945 1100 3017 eruendum
1122 2951 1204 3029 erit;
1231 2944 1356 3016 sivero
1378 2945 1529 3016 Facultts
1547 2946 1595 3013 Re
1614 2944 1839 3038 oppignorata
1860 2941 1980 3014 utendi

497 3035 669 3105 Creditoti
687 3060 761 3109 cunt
777 3038 997 3115 Restitutione
1012 3038 1116 3115 fuerit
1128 3040 1270 3125 tributa,
1399 3066 1476 3113 tunc
1498 3066 1536 3113 ex
1550 3039 1620 3138 ipsa
1635 3041 1775 3111 limitata
1792 3035 1979 3112 eoneeffio·

494 3153 541 3226 ne¹
559 3132 686 3204 Modus
702 3139 815 3208 utendi
839 3143 939 3211 Fines
959 3144 1119 3235 accipiet,
1146 3139 1298 3236 adeoque
1319 3138 1359 3209 ad
1374 3139 1541 3212 evitandas
1559 3162 1675 3208 omnes
1695 3131 1899 3208 infuturum
1917 3139 1982 3208 ca·

494 3227 681 3301 villationes
692 3236 835 3306 Cautelae
850 3238 924 3308 locu
939 3242 1052 3309 omnia
1066 3239 1235 3309 creditori
1251 3240 1285 3307 in
1298 3238 1577 3332 Reoppignorata
1591 3233 1801 3305 concedenda
1815 3237 1901 3329 Juta
1915 3229 1979 3306 sol·

493 3322 584 3400 licite
599 3332 823 3403 enumeranda
837 3358 935 3406 erunt
949 3331 1095 3432 expressa
1111 3333 1221 3406 addita
1237 3334 1326 3405 haud
1340 3329 1565 3407 concessurum
1580 3329 1783 3405 Exclusrone.

534 3495 556 3542 ⁶
574 3497 670 3564 Tales
693 3499 896 3584 Hypothecae
919 3521 1015 3585 penes
1037 3502 1214 3565 Germaniae
1232 3502 1330 3566 stutua
1349 3502 1417 3565 sunt
1437 3500 1713 3584 frequentissimae,
1735 3519 1773 3563 ac
1793 3495 1858 3564 scio
1876 3499 1979 3570 variia

582 3619 593 3667 ¹-
609 3583 641 3645 in
656 3582 882 3667 Principotibus
900 3587 960 3649 vix
974 3583 1124 3668 superesse
1139 3585 1257 3667 Pagum
1272 3587 1309 3649 ab
1322 3585 1427 3650 Onete
1438 3584 1641 3669 Hypothecae
1654 3584 1798 3648 liberum.

532 3694 574 3741 ”
595 3698 919 3788 Vid.Fottnulaapud
939 3702 1206 3768 srnrcnrun
1226 3705 1263 3767 de
1282 3704 1370 3768 Cant.
1393 3701 1542 3768 Connuii.
1561 3700 1643 3766 Sosi.
1658 3700 1700 3766 ΙΙ.
1724 3699 1760 3765 C.
1773 3719 1803 3764 2.
1824 3700 1917 3784 §.gp
1942 3702 1980 3770 δι

610 3784 641 3845 in
655 3782 866 3849 instrumento
880 3787 1050 3870 oppignot.
1063 3787 1196 3850 condito
1215 3787 1340 3850 tatione
1352 3785 1467 3849 Stratae
1480 3786 1642 3849 Montanae
1655 3782 1744 3866 supra
1758 3783 1912 3865 allegtto.

460 3903 465 3910 ’
534 3914 585 3954 m
606 3919 681 3997 Quo
701 3919 778 3983 Casu
801 3922 1041 4005 Appellationea
1060 3923 1097 3986 ab
1114 3921 1234 3985 Incolis
1253 3917 1458 3984 Tertatomo
1503 3922 1719 4002 ignoratarum
1737 3937 1804 3980 non
1823 3919 1861 3981 sd
1879 3917 1980 3985 Debi-

608 4003 767 4148 tymim·
786 4003 960 4170 fregdigoris
972 4004 1125 4073 Tribunal
1144 4001 1346 4085 deseruntur,
1367 4002 1453 4071 conf.
1506 4020 1672 4068 rnrtus
1695 4000 1730 4066 de
1747 3999 1979 4085 Superioritate

639 4105 701 4149 erre
718 4104 808 4149 arear
855 4135 864 4152 .
897 4108 928 4171 5.

667 4203 906 4271 Gunnrtnn
929 4206 965 4272 L.
991 4229 1018 4271 c.
1050 4209 1079 4287 §.
1097 4223 1167 4271 100.
1349 4260 1381 4359 ¹

546 4373 550 4382 .
663 4320 920 4390 Poronrsrn
941 4325 977 4389 L.
1000 4346 1027 4389 c.
1050 4322 1081 4389 S.
1096 4345 1127 4408 3.
1154 4322 1229 4390 C.2.
1254 4318 1331 4407 §.7.

665 4439 877 4510 Srnnucrt
899 4441 934 4508 1.
955 4461 983 4507 c.
1004 4439 1105 4524 §.46.
